3168 4950
823 423 865 486 40

375 614 481 680 Conon
504 613 615 680 Piraeo
630 620 661 678 et
677 611 810 678 Athenis
826 613 960 678 munitis
975 631 1051 680 oum
1066 613 1226 680 nonnullis
1241 612 1357 700 legatis

330 735 415 802 haud
439 737 484 802 ita
506 735 606 800 multo
629 743 701 822 post
724 737 757 800 in
781 736 892 801 Asiam
914 735 955 800 ad
978 736 1161 802 Tiribazum
1183 735 1357 822 proiectus,

331 866 367 923 ut
398 877 472 923 eum
503 865 661 922 averteret
691 878 709 923 a
740 856 864 922 loedere
895 876 969 922 oum
998 856 1269 935 Lacedaemoniis,
1300 859 1357 944 qui

330 978 531 1045 Antaloidam
554 979 727 1056 misissent,
743 987 774 1044 et
790 981 930 1045 amioum
945 978 1094 1045 redderet
1109 979 1357 1048 Atheniensibus

330 1120 505 1185 eorumque
528 1101 637 1178 sooiis,
661 1122 679 1166 a
703 1101 849 1166 Tiribazo
873 1102 907 1166 in
929 1102 1056 1168 vincula
1079 1101 1242 1187 oony'eotus
1264 1101 1299 1186 l)
1324 1110 1357 1167 et

330 1242 495 1308 uunquam
511 1224 544 1288 in
560 1224 697 1309 patriam
709 1241 857 1300 reversus
870 1231 928 1288 est.
956 1222 1040 1288 Nihil
1053 1222 1227 1308 quidquam
1239 1223 1355 1290 abhino

330 1344 368 1410 de
397 1345 481 1422 viro,
512 1347 567 1430 qui
598 1353 675 1410 tuno
706 1345 860 1431 temporis
890 1365 975 1410 unus
1005 1345 1150 1410 omnium
1176 1347 1294 1430 optime
1316 1345 1357 1411 de

330 1468 434 1553 patria
456 1468 592 1532 meritus
615 1474 693 1545 erat,
717 1468 888 1534 memoriae
911 1467 1083 1553 proditum.

373 1586 591 1676 Thrasybulus
604 1607 678 1653 oum
690 1587 783 1652 laude
795 1596 1063 1654 commemoratur
1071 1587 1154 1653 Plut.
1162 1593 1236 1654 550.
1249 1586 1356 1667 Quum

329 1709 476 1775 videlieet
506 1709 694 1797 Chremylus
722 1716 943 1795 paupertatem
967 1729 1107 1774 sororem
1131 1729 1200 1776 esse
1223 1709 1356 1774 dixisset

329 1831 554 1908 mendicitatis,
577 1833 645 1916 ipsa
667 1839 837 1916 paupertas
860 1832 889 1895 ei
912 1830 1090 1916 respondit:

393 1955 509 2034 '‘Ypaic
528 1960 551 2038 γ’
571 1961 651 2037 οἵπερ
670 1967 717 2016 καὶ
735 1960 917 2038 θρασυβοὺλῳ
937 1965 1093 2018 Διονύσιον
1110 1956 1186 2018 εἶναι
1203 1963 1311 2036 ὅμοιον.

374 2075 534 2163 Chremyli
567 2075 688 2140 seilioet
719 2077 987 2161 comparationem
1018 2095 1128 2140 rerum
1151 2075 1355 2142 dissimilium

331 2217 429 2284 aeque
452 2217 583 2284 pravam
607 2205 638 2263 et
654 2197 826 2263 absurdam
842 2218 921 2275 esse,
937 2201 1028 2284 quasi
1044 2200 1116 2284 quis
1132 2197 1238 2263 dicere
1252 2198 1355 2274 vellet,

330 2319 518 2408 Dionysium
553 2328 727 2407 tyrannum
761 2318 1019 2385 erudelissimum
1054 2327 1086 2384 et
1121 2319 1355 2408 Thrasybulum

329 2442 486 2508 libertatis
509 2440 668 2505 vindicem
691 2441 885 2506 acerrimum
911 2440 1032 2506 similes
1056 2459 1133 2506 esse.
1296 2425 1297 2429 ¹

285 2641 289 2646 .
374 2561 613 2628 Nobilissimum
636 2561 713 2627 illud
738 2561 929 2649 Thrasybuli
950 2562 1071 2628 fantum
1087 2570 1357 2628 commemoratur

329 2685 535 2750 Plut.1147:

457 2818 507 2887 Μή
527 2817 744 2891 μνησικακήσῃς,
768 2817 795 2869 εἰ
816 2817 852 2870 σύ
874 2815 967 2886 Φυλήν
989 2815 1141 2888 κατέλαβες
1162 2806 1206 2890 †).

374 2927 463 2993 Unde
498 2935 628 3012 apparet
663 2926 716 2991 illa
752 2927 911 2991 notissimi
943 2926 1157 3012 jurisjurandi
1194 2927 1290 2993 verba
1324 2929 1358 2992 in

330 3048 533 3134 proverbium
564 3047 689 3122 abiisse,
713 3065 814 3130 eaque
843 3047 902 3112 hoo
925 3047 993 3112 looo
1016 3048 1061 3114 ita
1084 3048 1267 3134 aooipienda
1289 3068 1357 3114 esse

329 3169 489 3234 videntur.
526 3167 559 3233 Si
582 3175 619 3232 tu
643 3168 767 3252 magnis
791 3168 875 3232 vitae
897 3168 1072 3264 qommodis
1094 3171 1215 3255 potitus
1233 3189 1277 3247 es,
1292 3170 1356 3235 noli

329 3291 368 3356 ob
391 3309 461 3356 eam
485 3309 553 3354 rem
578 3289 743 3375 superbire
766 3295 798 3353 et
820 3291 965 3374 priorum
988 3289 1146 3356 malorum
1165 3311 1287 3356 memor
1307 3311 1358 3356 me

329 3411 500 3496 despicere,
525 3410 579 3475 sed
600 3409 659 3485 iao,
680 3409 820 3487 obsecro,
840 3409 924 3494 quod
943 3419 976 3476 te
995 3431 1081 3498 rogo.
1118 3413 1199 3478 Tum
1220 3412 1357 3501 Thrasy·

328 3532 394 3597 buli
417 3550 532 3596 nomen
556 3531 698 3597 ooourrit
715 3528 802 3597 lleel.
819 3533 881 3596 203
903 3533 936 3596 in
952 3532 1020 3598 loeo
1035 3534 1148 3599 mutilo
1164 3541 1197 3600 et
1212 3535 1358 3612 obscuro,

329 3661 522 3739 quapropter
545 3655 704 3718 incertum
727 3659 790 3729 est,
814 3653 962 3738 quisnam
991 3654 1043 3718 ille
1067 3655 1173 3721 luerit.
1214 3655 1358 3742 Namque

328 3774 435 3861 plures
458 3775 545 3840 oiroa
565 3774 597 3839 id
617 3781 744 3858 tempus
760 3773 892 3839 Athenis
908 3775 1057 3842 vixerunt
1074 3775 1264 3866 Thrasybuli
1282 3797 1311 3845 v.
1328 3797 1357 3846 o.

369 4059 396 4124 *)
413 4060 471 4110 lien.
488 4060 524 4117 ll,
540 4061 562 4117 8,
579 4058 609 4108 ll
626 4065 650 4108 ot
667 4057 706 4106 15.

370 4154 396 4218 t)
414 4153 448 4204 (ll.
464 4155 522 4204 Xon.
538 4154 567 4213 11,
582 4153 636 4212 hi
653 4167 696 4216 sqq
711 4157 735 4200 et
752 4151 780 4208 ll,
797 4153 820 4211 l,
837 4153 875 4205 lb.
