3168 4950
703 461 744 524 21

256 651 376 720 Deinde
394 651 466 718 vide
486 672 581 738 quam
602 657 694 716 caute
714 656 743 716 et
761 649 853 714 anxie
871 647 947 712 illud
963 644 1146 731 aufugiendi
1162 665 1233 712 con·

213 775 320 842 silium
339 773 494 840 ostendat.
519 771 608 852 Quod
628 789 727 858 quum
747 771 838 837 alteri
858 789 948 834 servo
968 787 1031 833 non
1052 755 1234 854 placuisset,

213 917 231 963 a
259 896 321 962 diis
348 895 597 972 immortalibus,
626 913 705 980 quos
732 894 783 978 pie
807 913 843 960 ac
867 898 1049 958 reverenter
1072 911 1106 957 se
1133 891 1235 957 colere

213 1017 393 1095 confitetur,
409 1017 541 1082 salutem
563 1023 718 1101 expectat.
744 1013 809 1102 (Vs.
830 1017 872 1080 50
892 1011 973 1100 sqq.)
997 1023 1236 1097 Δεισισαιμονιαν

213 1139 282 1226 ejus
297 1139 369 1204 vide
385 1139 543 1225 imprimis
555 1157 601 1202 vs.
617 1141 679 1202 106
692 1143 723 1201 et
738 1140 811 1202 112.
842 1133 983 1220 Denique
1004 1136 1058 1200 uhi
1077 1136 1237 1201 isiciarius

213 1261 303 1326 adest
326 1267 357 1326 et
376 1259 481 1326 Nicias
501 1261 676 1346 praesentit
694 1260 791 1334 rixas
811 1278 891 1344 quae
913 1259 1054 1324 oriturae
1073 1263 1189 1329 essent.
1209 1257 1236 1322 si

214 1380 394 1466 Paphlagon
413 1400 482 1446 rem
503 1380 769 1446 animadverteret
788 1385 819 1444 et
840 1378 1056 1464 egrederetur,
1075 1384 1189 1444 cautus
1205 1396 1238 1442 sc

214 1503 330 1586 recipit
353 1502 386 1566 in
406 1509 523 1568 tutum.
546 1501 642 1567 Vides
665 1521 702 1569 ea
722 1503 829 1567 omnia
848 1502 956 1586 optina
975 1500 1144 1564 convenire
1164 1516 1236 1564 eum

214 1623 270 1699 iis,
294 1643 375 1708 quae
398 1623 437 1688 de
459 1621 567 1687 Niciae
598 1624 724 1708 ingenio
746 1623 882 1708 legimus
909 1621 993 1707 apud
1021 1620 1238 1708 Thucydidem

215 1751 247 1810 et
266 1743 483 1819 Plutarchum,
503 1763 604 1829 neque
627 1744 735 1808 minus
755 1750 879 1808 certum
900 1761 979 1818 esse,
994 1740 1237 1826 Aristophanem

215 1865 411 1951 significasse
430 1863 564 1939 Niciam,
583 1884 680 1949 quam
696 1863 778 1948 quod
792 1863 871 1928 alter
884 1881 994 1927 servus
1008 1881 1041 1926 se
1056 1861 1237 1927 Demosthe·

215 2005 288 2052 nem
306 2005 374 2051 esse
393 1980 581 2070 profiteatur
601 1985 641 2049 iis
662 1984 767 2048 verbis
788 2003 868 2068 quae
887 1983 1038 2068 leguntur
1057 1987 1154 2048 vahl
1169 2003 1237 2068 sqq.

215 2107 437 2172 Demosthenis
457 2107 589 2184 scilieet,
610 2105 802 2170 Alcisthonis
819 2103 926 2192 filiii)
946 2124 1059 2170 nomen
1075 2103 1237 2170 inhristo·

215 2229 318 2315 phane
342 2247 502 2314 nusquam
526 2227 677 2304 occurrit,
701 2227 756 2294 sed
780 2229 928 2313 quoniam
954 2234 1080 2292 constat
1103 2226 1239 2294 alterum

216 2368 344 2414 servum
357 2348 492 2414 eundem
505 2348 595 2414 illum
612 2347 720 2426 luisse,
736 2348 827 2414 lacile
844 2356 892 2414 est
904 2349 972 2434 ejus
986 2349 1147 2434 ingenium
1169 2368 1238 2434 cog·

216 2490 355 2536 noscere.
381 2469 425 2536 De
444 2470 664 2536 Demosthenis
676 2471 807 2536 consilio
820 2478 851 2536 et
862 2472 992 2548 virtute,
1008 2471 1108 2555 deque
1121 2469 1240 2556 ejusde

215 2592 319 2680 patria
332 2593 456 2658 meritis
468 2592 512 2656 nil
525 2595 638 2658 attinet
650 2592 766 2658 dicere.
779 2591 841 2656 Res
855 2593 940 2656 enim
953 2612 1032 2677 quas
1043 2593 1131 2657 vario
1140 2591 1239 2658 Marte

215 2714 360 2798 gesserit,
373 2722 448 2778 sunt
459 2714 652 2778 notissimae.
667 2711 755 2792 Quod
764 2732 838 2776 vero
850 2713 963 2777 attinet
976 2713 1015 2778 ad
1024 2714 1084 2776 viri
1093 2713 1240 2788 indolem,

216 2835 320 2920 colligi
333 2841 435 2920 potest
451 2854 489 2899 ex
505 2833 686 2920 Equitibus,
702 2853 771 2898 eam
785 2833 883 2898 luisse
898 2853 1029 2918 prorsus
1045 2834 1240 2898 contrariam

216 2975 313 3042 quam
334 2955 452 3022 Niciae.
485 2956 571 3022 Licet
592 2957 677 3022 enim
697 2957 766 3042 pari
785 2956 856 3021 odio
875 2955 1018 3020 infensus
1030 2954 1240 3038 essetGleoni,

215 3086 323 3144 tamen
339 3098 413 3143 eum
433 3098 495 3143 non
511 3079 636 3154 metuit,
652 3085 688 3142 ut
702 3077 819 3144 Nicias.
845 3077 971 3144 Etenim
988 3099 1050 3158 non
1063 3084 1131 3148 erat
1142 3077 1175 3142 in
1188 3077 1240 3141 illc

217 3209 249 3264 τὸ
271 3210 392 3286 φοβερὸν
414 3214 461 3265 καὶ
483 3209 515 3265 τὸ
535 3208 675 3286 ἀθαρσὲς,
704 3199 759 3264 sed
787 3207 916 3264 strenue
938 3199 1019 3284 petit
1041 3198 1185 3264 Cleonem
1208 3206 1240 3264 et

218 3340 344 3386 summo
367 3321 480 3387 ardore
503 3321 626 3405 equites
649 3319 689 3386 ad
712 3339 785 3385 eum
809 3319 1062 3404 persequendum
1078 3319 1192 3384 incitat
1206 3317 1238 3404 †)

217 3442 273 3522 ita,
295 3449 332 3508 ut
356 3443 548 3510 acerrimum
572 3441 686 3507 ducem
711 3441 809 3506 decet.
841 3439 916 3506 Vim
933 3447 964 3504 et
980 3440 1127 3506 ardorem
1142 3440 1241 3506 animi

219 3583 345 3650 semper
360 3563 545 3630 ostendebat
560 3563 796 3640 Demosthenes,
813 3563 841 3628 si
855 3563 962 3628 hostes
978 3561 1110 3638 aderant
1125 3569 1157 3628 ct
1172 3562 1241 3628 sine

218 3685 405 3771 amhagibus
429 3687 538 3751 statim
559 3684 729 3770 confligere
745 3683 874 3749 solebat.
905 3683 1094 3769 Exemplum
1109 3682 1177 3767 ejus
1192 3683 1240 3747 rei

217 3808 290 3874 ride
313 3808 346 3873 in
369 3807 568 3894 expeditione
592 3805 715 3883 Sicula,
738 3805 823 3892 apud
846 3803 1139 3882 recelleret.

258 4088 486 4154 mmmm

258 4183 473 4250 mmmm
