<?xml version="1.0" encoding="UTF-8"?>
<!DOCTYPE html PUBLIC "-//W3C//DTD XHTML 1.0 Transitional//EN"
    "http://www.w3.org/TR/xhtml1/DTD/xhtml1-transitional.dtd">
<html xmlns="http://www.w3.org/1999/xhtml" xml:lang="en" lang="en">
 <head>
  <title>
</title>
<meta http-equiv="Content-Type" content="text/html;charset=utf-8" />
  <meta name='ocr-system' content='tesseract 3.04.00' />
  <meta name='ocr-capabilities' content='ocr_page ocr_carea ocr_par ocr_line ocrx_word'/>
</head>
<body>
  <div class='ocr_page' id='page_1' title='image "./specimenliterar00voeggoog_0050.png"; bbox 0 0 3168 4950; ppageno 0'>
   <div class='ocr_carea' id='block_1_1' title="bbox 733 439 776 500">
    <p class='ocr_par' dir='ltr' id='par_1_1' title="bbox 733 439 776 500">
     <span class='ocr_line' id='line_1_1' title="bbox 733 439 776 500; baseline 0 0"><span class='ocrx_word' id='word_1_1' title='bbox 733 439 776 500; x_wconf 82' lang='grc'><strong>59</strong></span> 
     </span>
    </p>
   </div>
   <div class='ocr_carea' id='block_1_2' title="bbox 237 623 1262 714">
    <p class='ocr_par' dir='ltr' id='par_1_2' title="bbox 237 623 1262 714">
     <span class='ocr_line' id='line_1_2' title="bbox 237 623 1262 714; baseline 0.002 -21"><span class='ocrx_word' id='word_1_2' title='bbox 237 624 298 694; x_wconf 78' lang='grc'><strong>11111</strong></span> <span class='ocrx_word' id='word_1_3' title='bbox 321 631 353 692; x_wconf 75' lang='lat' dir='ltr'><strong>ei</strong></span> <span class='ocrx_word' id='word_1_4' title='bbox 371 625 481 712; x_wconf 79' lang='lat' dir='ltr'><strong>Argivi</strong></span> <span class='ocrx_word' id='word_1_5' title='bbox 497 623 543 712; x_wconf 64' lang='grc'><strong>11).</strong></span> <span class='ocrx_word' id='word_1_6' title='bbox 574 625 622 690; x_wconf 79' lang='lat' dir='ltr'><strong>Ad</strong></span> <span class='ocrx_word' id='word_1_7' title='bbox 642 625 724 691; x_wconf 79' lang='lat' dir='ltr'><strong>hunc</strong></span> <span class='ocrx_word' id='word_1_8' title='bbox 746 636 800 691; x_wconf 76' lang='grc' dir='ltr'><strong>τῶν</strong></span> <span class='ocrx_word' id='word_1_9' title='bbox 816 641 956 714; x_wconf 74' lang='grc' dir='ltr'><strong>μεγίστων</strong></span> <span class='ocrx_word' id='word_1_10' title='bbox 969 637 1077 693; x_wconf 77' lang='grc' dir='ltr'><strong><em>πόλεων</em></strong></span> <span class='ocrx_word' id='word_1_11' title='bbox 1091 645 1262 713; x_wconf 73' lang='grc' dir='ltr'><strong><em>συμμαχίαν,</em></strong></span> 
     </span>
    </p>
   </div>
   <div class='ocr_carea' id='block_1_3' title="bbox 228 751 1264 3521">
    <p class='ocr_par' dir='ltr' id='par_1_3' title="bbox 234 751 1264 1692">
     <span class='ocr_line' id='line_1_3' title="bbox 237 751 1264 837; baseline 0.005 -22"><span class='ocrx_word' id='word_1_12' title='bbox 237 751 351 816; x_wconf 91' lang='lat' dir='ltr'><strong>initam</strong></span> <span class='ocrx_word' id='word_1_13' title='bbox 367 769 450 815; x_wconf 83' lang='lat' dir='ltr'><strong>anno</strong></span> <span class='ocrx_word' id='word_1_14' title='bbox 466 753 529 815; x_wconf 81' lang='grc'><strong>595</strong></span> <span class='ocrx_word' id='word_1_15' title='bbox 547 756 682 814; x_wconf 83' lang='lat' dir='ltr'><strong>exeunte</strong></span> <span class='ocrx_word' id='word_1_16' title='bbox 697 756 752 815; x_wconf 87' lang='lat' dir='ltr'><strong>aut</strong></span> <span class='ocrx_word' id='word_1_17' title='bbox 768 751 900 815; x_wconf 90' lang='lat' dir='ltr'><strong>ineunte</strong></span> <span class='ocrx_word' id='word_1_18' title='bbox 915 755 990 828; x_wconf 84' lang='grc'><strong>594,</strong></span> <span class='ocrx_word' id='word_1_19' title='bbox 1006 759 1153 837; x_wconf 87' lang='lat' dir='ltr'><strong>spectant</strong></span> <span class='ocrx_word' id='word_1_20' title='bbox 1167 754 1264 820; x_wconf 84' lang='lat' dir='ltr'><strong>verba</strong></span> 
     </span>
     <span class='ocr_line' id='line_1_4' title="bbox 236 871 1264 958; baseline 0.004 -20"><span class='ocrx_word' id='word_1_21' title='bbox 236 871 447 939; x_wconf 88' lang='lat' dir='ltr'><strong>Praxanorae.</strong></span> <span class='ocrx_word' id='word_1_22' title='bbox 490 871 582 937; x_wconf 86' lang='lat' dir='ltr'><strong>Circa</strong></span> <span class='ocrx_word' id='word_1_23' title='bbox 612 871 645 936; x_wconf 90' lang='lat' dir='ltr'><strong>id</strong></span> <span class='ocrx_word' id='word_1_24' title='bbox 669 879 796 958; x_wconf 89' lang='lat' dir='ltr'><strong>tompus</strong></span> <span class='ocrx_word' id='word_1_25' title='bbox 819 892 893 938; x_wconf 90' lang='lat' dir='ltr'><strong>vero</strong></span> <span class='ocrx_word' id='word_1_26' title='bbox 917 872 1022 938; x_wconf 84' lang='lat' dir='ltr'><strong>Conon</strong></span> <span class='ocrx_word' id='word_1_27' title='bbox 1045 883 1191 940; x_wconf 86' lang='lat' dir='ltr'><strong>versatus</strong></span> <span class='ocrx_word' id='word_1_28' title='bbox 1215 883 1264 942; x_wconf 89' lang='lat' dir='ltr'><strong>est</strong></span> 
     </span>
     <span class='ocr_line' id='line_1_5' title="bbox 235 992 1264 1082; baseline 0.003 -23"><span class='ocrx_word' id='word_1_29' title='bbox 235 992 1264 1082; x_wconf 50' lang='lat' dir='ltr'><strong>immmmfflwwmmmfflmffim</strong></span> 
     </span>
     <span class='ocr_line' id='line_1_6' title="bbox 236 1115 1264 1206; baseline 0.004 -25"><span class='ocrx_word' id='word_1_30' title='bbox 236 1124 379 1182; x_wconf 88' lang='lat' dir='ltr'><strong>oratores</strong></span> <span class='ocrx_word' id='word_1_31' title='bbox 395 1135 474 1194; x_wconf 85' lang='lat' dir='ltr'><strong>esse,</strong></span> <span class='ocrx_word' id='word_1_32' title='bbox 489 1118 545 1202; x_wconf 89' lang='lat' dir='ltr'><strong>qui</strong></span> <span class='ocrx_word' id='word_1_33' title='bbox 561 1115 735 1183; x_wconf 82' lang='lat' dir='ltr'>suadebant</span> <span class='ocrx_word' id='word_1_34' title='bbox 757 1125 894 1202; x_wconf 72' lang='grc' dir='ltr'><strong><em>γενέσθαι</em></strong></span> <span class='ocrx_word' id='word_1_35' title='bbox 916 1127 948 1183; x_wconf 74' lang='grc' dir='ltr'><strong>τὸ</strong></span> <span class='ocrx_word' id='word_1_36' title='bbox 969 1130 1148 1203; x_wconf 77' lang='grc' dir='ltr'><strong><em>συμμαχικόν</em></strong></span> <span class='ocrx_word' id='word_1_37' title='bbox 1161 1140 1264 1206; x_wconf 90' lang='lat' dir='ltr'><strong>nequo</strong></span> 
     </span>
     <span class='ocr_line' id='line_1_7' title="bbox 236 1239 1264 1328; baseline 0.005 -24"><span class='ocrx_word' id='word_1_38' title='bbox 236 1247 269 1304; x_wconf 75' lang='grc' dir='ltr'><strong>τὸ</strong></span> <span class='ocrx_word' id='word_1_39' title='bbox 289 1248 381 1312; x_wconf 69' lang='grc' dir='ltr'><em>εὐθύς</em></span> <span class='ocrx_word' id='word_1_40' title='bbox 396 1247 521 1324; x_wconf 68' lang='grc' dir='ltr'><em>ἀποδράς</em></span> <span class='ocrx_word' id='word_1_41' title='bbox 539 1243 627 1324; x_wconf 74' lang='grc' dir='ltr'><strong><em>ᾤχετο</em></strong></span> <span class='ocrx_word' id='word_1_42' title='bbox 645 1239 708 1304; x_wconf 91' lang='lat' dir='ltr'><strong>ullo</strong></span> <span class='ocrx_word' id='word_1_43' title='bbox 721 1247 815 1327; x_wconf 87' lang='lat' dir='ltr'><strong>pacto</strong></span> <span class='ocrx_word' id='word_1_44' title='bbox 827 1239 866 1305; x_wconf 89' lang='lat' dir='ltr'><strong>de</strong></span> <span class='ocrx_word' id='word_1_45' title='bbox 878 1240 987 1306; x_wconf 89' lang='lat' dir='ltr'><strong>eodem</strong></span> <span class='ocrx_word' id='word_1_46' title='bbox 1000 1241 1134 1327; x_wconf 80' lang='lat' dir='ltr'><strong>intelligi</strong></span> <span class='ocrx_word' id='word_1_47' title='bbox 1149 1250 1264 1328; x_wconf 87' lang='lat' dir='ltr'><strong>potest.</strong></span> 
     </span>
     <span class='ocr_line' id='line_1_8' title="bbox 234 1361 1264 1450; baseline 0.004 -24"><span class='ocrx_word' id='word_1_48' title='bbox 234 1361 332 1428; x_wconf 84' lang='lat' dir='ltr'><strong>Errat</strong></span> <span class='ocrx_word' id='word_1_49' title='bbox 351 1363 451 1447; x_wconf 87' lang='lat' dir='ltr'><strong>igitur</strong></span> <span class='ocrx_word' id='word_1_50' title='bbox 467 1361 641 1438; x_wconf 86' lang='lat' dir='ltr'><strong>Palmerus,</strong></span> <span class='ocrx_word' id='word_1_51' title='bbox 659 1363 714 1446; x_wconf 90' lang='lat' dir='ltr'><strong>qui</strong></span> <span class='ocrx_word' id='word_1_52' title='bbox 731 1363 922 1428; x_wconf 86' lang='lat' dir='ltr'><strong>sententiam</strong></span> <span class='ocrx_word' id='word_1_53' title='bbox 939 1361 1133 1429; x_wconf 76' lang='lat' dir='ltr'><strong>scholiastae</strong></span> <span class='ocrx_word' id='word_1_54' title='bbox 1150 1365 1264 1450; x_wconf 83' lang='lat' dir='ltr'><strong>prohat</strong></span> 
     </span>
     <span class='ocr_line' id='line_1_9' title="bbox 234 1483 1262 1570; baseline 0.003 -20"><span class='ocrx_word' id='word_1_55' title='bbox 234 1491 416 1570; x_wconf 87' lang='lat' dir='ltr'><strong>temporum</strong></span> <span class='ocrx_word' id='word_1_56' title='bbox 446 1485 603 1549; x_wconf 89' lang='lat' dir='ltr'><strong>rationem</strong></span> <span class='ocrx_word' id='word_1_57' title='bbox 634 1483 830 1550; x_wconf 86' lang='lat' dir='ltr'><strong>confundens</strong></span> <span class='ocrx_word' id='word_1_58' title='bbox 860 1493 892 1550; x_wconf 85' lang='lat' dir='ltr'><strong>et</strong></span> <span class='ocrx_word' id='word_1_59' title='bbox 922 1487 1042 1551; x_wconf 91' lang='lat' dir='ltr'><strong>mirum</strong></span> <span class='ocrx_word' id='word_1_60' title='bbox 1073 1487 1107 1551; x_wconf 92' lang='lat' dir='ltr'><strong>in</strong></span> <span class='ocrx_word' id='word_1_61' title='bbox 1130 1486 1262 1554; x_wconf 90' lang='lat' dir='ltr'><strong>modum</strong></span> 
     </span>
     <span class='ocr_line' id='line_1_10' title="bbox 234 1603 551 1692; baseline -0.006 -20"><span class='ocrx_word' id='word_1_62' title='bbox 234 1603 551 1692; x_wconf 46' lang='lat' dir='ltr'><strong>mmmfflwmQ</strong></span> 
     </span>
    </p>

    <p class='ocr_par' dir='ltr' id='par_1_4' title="bbox 233 1728 1262 1918">
     <span class='ocr_line' id='line_1_11' title="bbox 279 1728 1262 1813; baseline 0.004 -20"><span class='ocrx_word' id='word_1_63' title='bbox 279 1729 447 1794; x_wconf 86' lang='lat' dir='ltr'><strong>Praeterea</strong></span> <span class='ocrx_word' id='word_1_64' title='bbox 469 1729 558 1794; x_wconf 89' lang='lat' dir='ltr'><strong>locus</strong></span> <span class='ocrx_word' id='word_1_65' title='bbox 581 1735 630 1794; x_wconf 91' lang='lat' dir='ltr'><strong>est</strong></span> <span class='ocrx_word' id='word_1_66' title='bbox 648 1729 681 1794; x_wconf 92' lang='lat' dir='ltr'><strong>io</strong></span> <span class='ocrx_word' id='word_1_67' title='bbox 698 1728 790 1793; x_wconf 91' lang='lat' dir='ltr'><strong>Pluto</strong></span> <span class='ocrx_word' id='word_1_68' title='bbox 806 1728 845 1794; x_wconf 90' lang='lat' dir='ltr'><strong>ad</strong></span> <span class='ocrx_word' id='word_1_69' title='bbox 861 1748 957 1813; x_wconf 90' lang='lat' dir='ltr'><strong>quem</strong></span> <span class='ocrx_word' id='word_1_70' title='bbox 972 1731 1069 1796; x_wconf 88' lang='lat' dir='ltr'><strong>etiam</strong></span> <span class='ocrx_word' id='word_1_71' title='bbox 1085 1728 1262 1797; x_wconf 79' lang='lat' dir='ltr'><strong>Scholiasta</strong></span> 
     </span>
     <span class='ocr_line' id='line_1_12' title="bbox 233 1849 1260 1918; baseline 0.002 -2"><span class='ocrx_word' id='word_1_72' title='bbox 233 1850 272 1916; x_wconf 88' lang='lat' dir='ltr'><strong>de</strong></span> <span class='ocrx_word' id='word_1_73' title='bbox 284 1849 409 1916; x_wconf 81' lang='lat' dir='ltr'>Conone</span> <span class='ocrx_word' id='word_1_74' title='bbox 425 1851 620 1916; x_wconf 72' lang='lat' dir='ltr'>mentionem</span> <span class='ocrx_word' id='word_1_75' title='bbox 632 1849 718 1915; x_wconf 88' lang='lat' dir='ltr'><strong>facit.</strong></span> <span class='ocrx_word' id='word_1_76' title='bbox 739 1850 821 1915; x_wconf 91' lang='lat' dir='ltr'><strong>Plut.</strong></span> <span class='ocrx_word' id='word_1_77' title='bbox 834 1854 895 1916; x_wconf 83' lang='lat'><strong>175</strong></span> <span class='ocrx_word' id='word_1_78' title='bbox 908 1850 1052 1916; x_wconf 73' lang='lat' dir='ltr'><strong>(larionis</strong></span> <span class='ocrx_word' id='word_1_79' title='bbox 1063 1851 1159 1918; x_wconf 86' lang='lat' dir='ltr'><strong>verha</strong></span> <span class='ocrx_word' id='word_1_80' title='bbox 1172 1861 1260 1918; x_wconf 89' lang='lat' dir='ltr'><strong>sunt:</strong></span> 
     </span>
    </p>

    <p class='ocr_par' dir='ltr' id='par_1_5' title="bbox 381 1975 1090 2058">
     <span class='ocr_line' id='line_1_13' title="bbox 381 1975 1090 2058; baseline -0.001 -21"><span class='ocrx_word' id='word_1_81' title='bbox 381 1981 413 2037; x_wconf 80' lang='grc' dir='ltr'><strong>τὸ</strong></span> <span class='ocrx_word' id='word_1_82' title='bbox 435 1979 493 2038; x_wconf 71' lang='grc' dir='ltr'><strong>δ’ἐν</strong></span> <span class='ocrx_word' id='word_1_83' title='bbox 512 1985 649 2058; x_wconf 73' lang='grc' dir='ltr'><strong><em>Κορίνθῳ</em></strong></span> <span class='ocrx_word' id='word_1_84' title='bbox 670 1979 781 2044; x_wconf 81' lang='grc' dir='ltr'><strong><em>ξενικὸν</em></strong></span> <span class='ocrx_word' id='word_1_85' title='bbox 803 1979 858 2050; x_wconf 80' lang='grc' dir='ltr'><strong>οὐχ</strong></span> <span class='ocrx_word' id='word_1_86' title='bbox 879 1975 960 2044; x_wconf 64' lang='grc' dir='ltr'><em>οὗτος</em></span> <span class='ocrx_word' id='word_1_87' title='bbox 981 1982 1090 2056; x_wconf 59' lang='lat' dir='ltr'><strong>scarpam</strong></span> 
     </span>
    </p>

    <p class='ocr_par' dir='ltr' id='par_1_6' title="bbox 228 2093 1261 3521">
     <span class='ocr_line' id='line_1_14' title="bbox 278 2093 1261 2182; baseline 0.002 -22"><span class='ocrx_word' id='word_1_88' title='bbox 278 2093 425 2160; x_wconf 80' lang='lat' dir='ltr'><strong>Scholion</strong></span> <span class='ocrx_word' id='word_1_89' title='bbox 457 2094 496 2160; x_wconf 92' lang='lat' dir='ltr'><strong>ad</strong></span> <span class='ocrx_word' id='word_1_90' title='bbox 522 2094 608 2159; x_wconf 93' lang='lat' dir='ltr'><strong>hunc</strong></span> <span class='ocrx_word' id='word_1_91' title='bbox 634 2093 740 2158; x_wconf 91' lang='lat' dir='ltr'><strong>iocum</strong></span> <span class='ocrx_word' id='word_1_92' title='bbox 766 2113 842 2160; x_wconf 89' lang='lat' dir='ltr'><strong>vera</strong></span> <span class='ocrx_word' id='word_1_93' title='bbox 866 2101 897 2159; x_wconf 91' lang='lat' dir='ltr'><strong>et</strong></span> <span class='ocrx_word' id='word_1_94' title='bbox 920 2093 1008 2170; x_wconf 85' lang='lat' dir='ltr'><strong>salsa,</strong></span> <span class='ocrx_word' id='word_1_95' title='bbox 1032 2095 1130 2160; x_wconf 92' lang='lat' dir='ltr'><strong>immo</strong></span> <span class='ocrx_word' id='word_1_96' title='bbox 1154 2095 1261 2182; x_wconf 89' lang='lat' dir='ltr'><strong>inepta</strong></span> 
     </span>
     <span class='ocr_line' id='line_1_15' title="bbox 232 2215 1261 2303; baseline 0.002 -21"><span class='ocrx_word' id='word_1_97' title='bbox 232 2217 388 2302; x_wconf 85' lang='lat' dir='ltr'>quaedam</span> <span class='ocrx_word' id='word_1_98' title='bbox 408 2217 508 2282; x_wconf 88' lang='lat' dir='ltr'><strong>docet.</strong></span> <span class='ocrx_word' id='word_1_99' title='bbox 543 2215 718 2282; x_wconf 85' lang='lat' dir='ltr'><strong>Dissertius</strong></span> <span class='ocrx_word' id='word_1_100' title='bbox 739 2235 808 2281; x_wconf 90' lang='lat' dir='ltr'><strong>rem</strong></span> <span class='ocrx_word' id='word_1_101' title='bbox 824 2217 960 2303; x_wconf 88' lang='lat' dir='ltr'><strong>explicat</strong></span> <span class='ocrx_word' id='word_1_102' title='bbox 976 2215 1206 2302; x_wconf 78' lang='lat' dir='ltr'><strong>Harpocration</strong></span> <span class='ocrx_word' id='word_1_103' title='bbox 1222 2218 1261 2284; x_wconf 89' lang='lat' dir='ltr'><strong>de</strong></span> 
     </span>
     <span class='ocr_line' id='line_1_16' title="bbox 233 2338 1260 2418; baseline 0.001 -14"><span class='ocrx_word' id='word_1_104' title='bbox 233 2340 286 2404; x_wconf 90' lang='lat' dir='ltr'><strong>iilo</strong></span> <span class='ocrx_word' id='word_1_105' title='bbox 314 2341 456 2405; x_wconf 87' lang='lat' dir='ltr'><strong>exercitu</strong></span> <span class='ocrx_word' id='word_1_106' title='bbox 484 2338 630 2404; x_wconf 83' lang='lat' dir='ltr'><strong>mercede</strong></span> <span class='ocrx_word' id='word_1_107' title='bbox 653 2339 811 2404; x_wconf 90' lang='lat' dir='ltr'><strong>conducto</strong></span> <span class='ocrx_word' id='word_1_108' title='bbox 834 2338 957 2404; x_wconf 92' lang='lat' dir='ltr'><strong>dicens:</strong></span> <span class='ocrx_word' id='word_1_109' title='bbox 980 2345 1170 2418; x_wconf 69' lang='grc' dir='ltr'><strong><em>συνεστήσατο</em></strong></span> <span class='ocrx_word' id='word_1_110' title='bbox 1191 2349 1260 2407; x_wconf 71' lang='grc' dir='ltr'><strong>αὐτὸ</strong></span> 
     </span>
     <span class='ocr_line' id='line_1_17' title="bbox 232 2467 1257 2548; baseline 0 -20"><span class='ocrx_word' id='word_1_111' title='bbox 232 2473 342 2548; x_wconf 83' lang='grc' dir='ltr'><strong><em>πρῶτον</em></strong></span> <span class='ocrx_word' id='word_1_112' title='bbox 356 2471 462 2536; x_wconf 84' lang='grc' dir='ltr'><strong><em>Κόνων,</em></strong></span> <span class='ocrx_word' id='word_1_113' title='bbox 477 2470 621 2546; x_wconf 80' lang='grc' dir='ltr'><strong><em>παρέλαβε</em></strong></span> <span class='ocrx_word' id='word_1_114' title='bbox 637 2468 734 2527; x_wconf 73' lang='grc' dir='ltr'><strong><em>δἀὐτὸ</em></strong></span> <span class='ocrx_word' id='word_1_115' title='bbox 748 2467 910 2547; x_wconf 80' lang='grc' dir='ltr'><strong><em>Ἰφικράτης</em></strong></span> <span class='ocrx_word' id='word_1_116' title='bbox 924 2470 1042 2546; x_wconf 78' lang='grc' dir='ltr'><strong><em>ὕστερον</em></strong></span> <span class='ocrx_word' id='word_1_117' title='bbox 1058 2474 1106 2525; x_wconf 81' lang='grc' dir='ltr'><strong>καὶ</strong></span> <span class='ocrx_word' id='word_1_118' title='bbox 1120 2471 1257 2548; x_wconf 74' lang='grc' dir='ltr'><strong><em>Χαβρίας.</em></strong></span> 
     </span>
     <span class='ocr_line' id='line_1_18' title="bbox 232 2559 1261 2656; baseline -0.003 -6"><span class='ocrx_word' id='word_1_119' title='bbox 232 2559 338 2650; x_wconf 80' lang='lat' dir='ltr'><strong>Conon</strong></span> <span class='ocrx_word' id='word_1_120' title='bbox 367 2582 434 2648; x_wconf 81' lang='lat' dir='ltr'><strong>scss.</strong></span> <span class='ocrx_word' id='word_1_121' title='bbox 461 2590 493 2649; x_wconf 90' lang='lat' dir='ltr'><strong>et</strong></span> <span class='ocrx_word' id='word_1_122' title='bbox 521 2582 746 2648; x_wconf 88' lang='lat' dir='ltr'><strong>Pharnabazus</strong></span> <span class='ocrx_word' id='word_1_123' title='bbox 773 2602 847 2648; x_wconf 90' lang='lat' dir='ltr'><strong>vere</strong></span> <span class='ocrx_word' id='word_1_124' title='bbox 874 2585 949 2648; x_wconf 89' lang='lat' dir='ltr'><strong>anni</strong></span> <span class='ocrx_word' id='word_1_125' title='bbox 974 2587 1036 2649; x_wconf 88' lang='grc'><strong>595</strong></span> <span class='ocrx_word' id='word_1_126' title='bbox 1066 2599 1134 2656; x_wconf 76' lang='grc' dir='ltr'><strong><em>ναῦς</em></strong></span> <span class='ocrx_word' id='word_1_127' title='bbox 1154 2593 1261 2656; x_wconf 73' lang='grc' dir='ltr'><strong><em>πολλὰς</em></strong></span> 
     </span>
     <span class='ocr_line' id='line_1_19' title="bbox 231 2703 1259 2790; baseline -0.001 -18"><span class='ocrx_word' id='word_1_128' title='bbox 231 2713 483 2790; x_wconf 77' lang='grc' dir='ltr'><strong><em>συμπληρώσαντες</em></strong></span> <span class='ocrx_word' id='word_1_129' title='bbox 504 2719 551 2770; x_wconf 79' lang='grc' dir='ltr'><strong>καὶ</strong></span> <span class='ocrx_word' id='word_1_130' title='bbox 573 2713 683 2778; x_wconf 83' lang='grc' dir='ltr'><strong><em>ξενικὸν</em></strong></span> <span class='ocrx_word' id='word_1_131' title='bbox 703 2715 994 2789; x_wconf 76' lang='grc' dir='ltr'><strong><em>προσμισθωσάμενον</em></strong></span> <span class='ocrx_word' id='word_1_132' title='bbox 1010 2703 1259 2790; x_wconf 75' lang='lat' dir='ltr'><strong>proficiscuntur</strong></span> 
     </span>
     <span class='ocr_line' id='line_1_20' title="bbox 232 2824 1258 2913; baseline 0.001 -21"><span class='ocrx_word' id='word_1_133' title='bbox 232 2829 263 2892; x_wconf 90' lang='lat' dir='ltr'><strong>in</strong></span> <span class='ocrx_word' id='word_1_134' title='bbox 285 2826 451 2892; x_wconf 86' lang='lat' dir='ltr'><strong>Graeciam</strong></span> <span class='ocrx_word' id='word_1_135' title='bbox 470 2824 539 2913; x_wconf 45' lang='lat' dir='ltr'><strong>uu),</strong></span> <span class='ocrx_word' id='word_1_136' title='bbox 579 2827 807 2892; x_wconf 82' lang='lat' dir='ltr'><strong>Pharnabazus</strong></span> <span class='ocrx_word' id='word_1_137' title='bbox 828 2825 934 2912; x_wconf 77' lang='lat' dir='ltr'><strong>paullo</strong></span> <span class='ocrx_word' id='word_1_138' title='bbox 956 2833 1027 2911; x_wconf 90' lang='lat' dir='ltr'><strong>post</strong></span> <span class='ocrx_word' id='word_1_139' title='bbox 1051 2825 1201 2892; x_wconf 80' lang='lat' dir='ltr'><strong>Corintho</strong></span> <span class='ocrx_word' id='word_1_140' title='bbox 1225 2829 1258 2893; x_wconf 93' lang='lat' dir='ltr'><strong>in</strong></span> 
     </span>
     <span class='ocr_line' id='line_1_21' title="bbox 230 2947 1257 3033; baseline -0.002 -19"><span class='ocrx_word' id='word_1_141' title='bbox 230 2949 339 3016; x_wconf 80' lang='lat' dir='ltr'><strong>Asiam</strong></span> <span class='ocrx_word' id='word_1_142' title='bbox 355 2949 530 3014; x_wconf 90' lang='lat' dir='ltr'><strong>revertitur</strong></span> <span class='ocrx_word' id='word_1_143' title='bbox 546 2947 667 3012; x_wconf 86' lang='lat' dir='ltr'><strong>relictis</strong></span> <span class='ocrx_word' id='word_1_144' title='bbox 684 2947 802 3012; x_wconf 83' lang='lat' dir='ltr'><strong>Gononi</strong></span> <span class='ocrx_word' id='word_1_145' title='bbox 819 2947 918 3032; x_wconf 90' lang='lat' dir='ltr'><strong>copiis</strong></span> <span class='ocrx_word' id='word_1_146' title='bbox 932 2954 963 3012; x_wconf 90' lang='lat' dir='ltr'><strong>ot</strong></span> <span class='ocrx_word' id='word_1_147' title='bbox 976 2949 1128 3025; x_wconf 75' lang='lat' dir='ltr'><strong>nummis</strong></span> <span class='ocrx_word' id='word_1_148' title='bbox 1140 2948 1257 3033; x_wconf 90' lang='lat' dir='ltr'><strong>quihus</strong></span> 
     </span>
     <span class='ocr_line' id='line_1_22' title="bbox 229 3069 1256 3156; baseline -0.001 -20"><span class='ocrx_word' id='word_1_149' title='bbox 229 3071 280 3136; x_wconf 85' lang='lat' dir='ltr'><strong>ille</strong></span> <span class='ocrx_word' id='word_1_150' title='bbox 302 3072 411 3156; x_wconf 82' lang='lat' dir='ltr'><strong>longos</strong></span> <span class='ocrx_word' id='word_1_151' title='bbox 436 3089 545 3135; x_wconf 91' lang='lat' dir='ltr'><strong>muros</strong></span> <span class='ocrx_word' id='word_1_152' title='bbox 565 3075 724 3135; x_wconf 90' lang='lat' dir='ltr'><strong>restaurat</strong></span> <span class='ocrx_word' id='word_1_153' title='bbox 745 3078 776 3134; x_wconf 90' lang='lat' dir='ltr'><strong>et</strong></span> <span class='ocrx_word' id='word_1_154' title='bbox 795 3070 944 3134; x_wconf 86' lang='lat' dir='ltr'><strong>Piraeum</strong></span> <span class='ocrx_word' id='word_1_155' title='bbox 959 3070 1064 3134; x_wconf 92' lang='lat' dir='ltr'><strong>munit</strong></span> <span class='ocrx_word' id='word_1_156' title='bbox 1079 3071 1143 3152; x_wconf 86' lang='lat'><strong>††)·</strong></span> <span class='ocrx_word' id='word_1_157' title='bbox 1166 3069 1256 3136; x_wconf 82' lang='lat' dir='ltr'><strong>Circa</strong></span> 
     </span>
     <span class='ocr_line' id='line_1_23' title="bbox 229 3189 1256 3279; baseline -0.004 -21"><span class='ocrx_word' id='word_1_158' title='bbox 229 3194 262 3258; x_wconf 88' lang='lat' dir='ltr'><strong>id</strong></span> <span class='ocrx_word' id='word_1_159' title='bbox 277 3199 404 3279; x_wconf 87' lang='lat' dir='ltr'><strong>tempus</strong></span> <span class='ocrx_word' id='word_1_160' title='bbox 419 3193 530 3277; x_wconf 84' lang='lat' dir='ltr'><strong>igitur,</strong></span> <span class='ocrx_word' id='word_1_161' title='bbox 547 3191 573 3256; x_wconf 91' lang='lat' dir='ltr'><strong>si</strong></span> <span class='ocrx_word' id='word_1_162' title='bbox 589 3190 832 3277; x_wconf 86' lang='lat' dir='ltr'><strong>Harpocrationi</strong></span> <span class='ocrx_word' id='word_1_163' title='bbox 852 3189 1023 3266; x_wconf 87' lang='lat' dir='ltr'><strong>oredimus,</strong></span> <span class='ocrx_word' id='word_1_164' title='bbox 1039 3190 1144 3256; x_wconf 82' lang='lat' dir='ltr'><strong>Conon</strong></span> <span class='ocrx_word' id='word_1_165' title='bbox 1165 3210 1256 3255; x_wconf 91' lang='lat' dir='ltr'><strong>num-</strong></span> 
     </span>
     <span class='ocr_line' id='line_1_24' title="bbox 229 3305 1256 3398; baseline -0.003 -18"><span class='ocrx_word' id='word_1_166' title='bbox 229 3317 290 3380; x_wconf 91' lang='lat' dir='ltr'><strong>mis</strong></span> <span class='ocrx_word' id='word_1_167' title='bbox 313 3305 451 3380; x_wconf 84' lang='lat' dir='ltr'><strong>Persicis</strong></span> <span class='ocrx_word' id='word_1_168' title='bbox 474 3315 615 3378; x_wconf 88' lang='lat' dir='ltr'><strong>instituit</strong></span> <span class='ocrx_word' id='word_1_169' title='bbox 639 3314 816 3377; x_wconf 85' lang='lat' dir='ltr'><strong>exercitum</strong></span> <span class='ocrx_word' id='word_1_170' title='bbox 831 3312 921 3378; x_wconf 91' lang='lat' dir='ltr'><strong>illum</strong></span> <span class='ocrx_word' id='word_1_171' title='bbox 936 3313 1184 3389; x_wconf 79' lang='lat' dir='ltr'><strong>conducticium</strong></span> <span class='ocrx_word' id='word_1_172' title='bbox 1200 3313 1256 3398; x_wconf 89' lang='lat' dir='ltr'><strong>qui</strong></span> 
     </span>
     <span class='ocr_line' id='line_1_25' title="bbox 228 3433 1257 3521; baseline -0.003 -18"><span class='ocrx_word' id='word_1_173' title='bbox 228 3437 416 3504; x_wconf 82' lang='lat' dir='ltr'><strong>Corinthum</strong></span> <span class='ocrx_word' id='word_1_174' title='bbox 429 3436 535 3502; x_wconf 88' lang='lat' dir='ltr'><strong>sedem</strong></span> <span class='ocrx_word' id='word_1_175' title='bbox 547 3434 668 3511; x_wconf 89' lang='lat' dir='ltr'><strong>habuit,</strong></span> <span class='ocrx_word' id='word_1_176' title='bbox 681 3440 712 3500; x_wconf 91' lang='lat' dir='ltr'><strong>et</strong></span> <span class='ocrx_word' id='word_1_177' title='bbox 721 3435 777 3500; x_wconf 83' lang='lat' dir='ltr'><strong>oui</strong></span> <span class='ocrx_word' id='word_1_178' title='bbox 789 3441 898 3520; x_wconf 85' lang='lat' dir='ltr'><strong>postea</strong></span> <span class='ocrx_word' id='word_1_179' title='bbox 909 3433 1101 3521; x_wconf 90' lang='lat' dir='ltr'><strong>Iphicratem</strong></span> <span class='ocrx_word' id='word_1_180' title='bbox 1110 3453 1257 3520; x_wconf 88' lang='lat' dir='ltr'><strong>praeesse</strong></span> 
     </span>
    </p>
   </div>
   <div class='ocr_carea' id='block_1_4' title="bbox 229 3556 456 3644">
    <p class='ocr_par' dir='ltr' id='par_1_7' title="bbox 229 3556 456 3644">
     <span class='ocr_line' id='line_1_26' title="bbox 229 3556 456 3644; baseline -0.004 -20"><span class='ocrx_word' id='word_1_181' title='bbox 229 3559 373 3624; x_wconf 85' lang='lat' dir='ltr'><strong>videmus</strong></span> <span class='ocrx_word' id='word_1_182' title='bbox 396 3556 456 3644; x_wconf 63' lang='lat' dir='ltr'><strong>tt).</strong></span> 
     </span>
    </p>
   </div>
   <div class='ocr_carea' id='block_1_5' title="bbox 220 3689 412 3698">
    <p class='ocr_par' dir='ltr' id='par_1_8' title="bbox 220 3689 412 3698">
     <span class='ocr_line' id='line_1_27' title="bbox 220 3689 412 3698; baseline -0.01 0"><span class='ocrx_word' id='word_1_183' title='bbox 220 3689 412 3698; x_wconf 57' lang='lat' dir='ltr'><strong>—n—-a—-n</strong></span> 
     </span>
    </p>
   </div>
   <div class='ocr_carea' id='block_1_6' title="bbox 249 3740 920 4256">
    <p class='ocr_par' dir='ltr' id='par_1_9' title="bbox 268 3740 756 3896">
     <span class='ocr_line' id='line_1_28' title="bbox 268 3740 756 3808; baseline -0.012 -14"><span class='ocrx_word' id='word_1_184' title='bbox 268 3745 294 3808; x_wconf 74' lang='lat'><strong>*)</strong></span> <span class='ocrx_word' id='word_1_185' title='bbox 314 3744 380 3794; x_wconf 86' lang='lat' dir='ltr'><strong>Diod.</strong></span> <span class='ocrx_word' id='word_1_186' title='bbox 396 3744 453 3800; x_wconf 83' lang='lat' dir='ltr'>xlv,</span> <span class='ocrx_word' id='word_1_187' title='bbox 469 3741 500 3792; x_wconf 80' lang='lat'><strong>82</strong></span> <span class='ocrx_word' id='word_1_188' title='bbox 516 3743 573 3790; x_wconf 86' lang='lat' dir='ltr'><strong>Xen.</strong></span> <span class='ocrx_word' id='word_1_189' title='bbox 590 3741 627 3798; x_wconf 80' lang='grc'><strong>111,</strong></span> <span class='ocrx_word' id='word_1_190' title='bbox 642 3740 679 3798; x_wconf 84' lang='lat' dir='ltr'><strong>lv,</strong></span> <span class='ocrx_word' id='word_1_191' title='bbox 694 3740 718 3797; x_wconf 76' lang='lat'><strong>2,</strong></span> <span class='ocrx_word' id='word_1_192' title='bbox 734 3740 756 3788; x_wconf 90' lang='grc'><strong>1.</strong></span> 
     </span>
     <span class='ocr_line' id='line_1_29' title="bbox 268 3828 593 3896; baseline -0.006 -14"><span class='ocrx_word' id='word_1_193' title='bbox 268 3828 593 3896; x_wconf 61' lang='lat' dir='ltr'><strong>ummmmm</strong></span> 
     </span>
    </p>

    <p class='ocr_par' dir='ltr' id='par_1_10' title="bbox 253 3913 920 4072">
     <span class='ocr_line' id='line_1_30' title="bbox 264 3913 920 3985; baseline -0.005 -14"><span class='ocrx_word' id='word_1_194' title='bbox 264 3919 294 3985; x_wconf 76' lang='lat'><strong>8)</strong></span> <span class='ocrx_word' id='word_1_195' title='bbox 312 3921 402 3985; x_wconf 85' lang='lat' dir='ltr'><strong>Comm.</strong></span> <span class='ocrx_word' id='word_1_196' title='bbox 418 3922 443 3970; x_wconf 92' lang='lat' dir='ltr'><strong>in</strong></span> <span class='ocrx_word' id='word_1_197' title='bbox 459 3923 498 3970; x_wconf 78' lang='lat' dir='ltr'><strong>Ar.</strong></span> <span class='ocrx_word' id='word_1_198' title='bbox 515 3920 578 3969; x_wconf 83' lang='lat' dir='ltr'><strong>Com.</strong></span> <span class='ocrx_word' id='word_1_199' title='bbox 596 3919 664 3968; x_wconf 81' lang='lat' dir='ltr'><strong>Beck.</strong></span> <span class='ocrx_word' id='word_1_200' title='bbox 679 3919 728 3977; x_wconf 78' lang='lat' dir='ltr'><strong>Vol,</strong></span> <span class='ocrx_word' id='word_1_201' title='bbox 745 3919 781 3976; x_wconf 75' lang='lat' dir='ltr'><strong>iv,</strong></span> <span class='ocrx_word' id='word_1_202' title='bbox 797 3933 849 3982; x_wconf 82' lang='lat' dir='ltr'><strong>pag.</strong></span> <span class='ocrx_word' id='word_1_203' title='bbox 865 3913 920 3970; x_wconf 81' lang='grc'><strong>665.</strong></span> 
     </span>
     <span class='ocr_line' id='line_1_31' title="bbox 253 4007 502 4072; baseline -0.008 -14"><span class='ocrx_word' id='word_1_204' title='bbox 253 4007 502 4072; x_wconf 60' lang='lat' dir='ltr'><strong>”muman</strong></span> 
     </span>
    </p>

    <p class='ocr_par' dir='ltr' id='par_1_11' title="bbox 255 4097 563 4161">
     <span class='ocr_line' id='line_1_32' title="bbox 255 4097 563 4161; baseline -0.01 -14"><span class='ocrx_word' id='word_1_205' title='bbox 255 4098 297 4161; x_wconf 87' lang='lat'><strong>††)</strong></span> <span class='ocrx_word' id='word_1_206' title='bbox 315 4097 373 4146; x_wconf 85' lang='lat' dir='ltr'><strong>Xen.</strong></span> <span class='ocrx_word' id='word_1_207' title='bbox 390 4097 495 4154; x_wconf 75' lang='grc'><strong>11,8,9</strong></span> <span class='ocrx_word' id='word_1_208' title='bbox 512 4111 563 4160; x_wconf 88' lang='lat' dir='ltr'><strong>sqq.</strong></span> 
     </span>
    </p>

    <p class='ocr_par' dir='ltr' id='par_1_12' title="bbox 249 4183 762 4256">
     <span class='ocr_line' id='line_1_33' title="bbox 249 4183 762 4256; baseline 0 -19"><span class='ocrx_word' id='word_1_209' title='bbox 249 4185 297 4256; x_wconf 70' lang='lat'><strong>88)</strong></span> <span class='ocrx_word' id='word_1_210' title='bbox 315 4187 373 4237; x_wconf 83' lang='lat' dir='ltr'><strong>Xen.</strong></span> <span class='ocrx_word' id='word_1_211' title='bbox 389 4185 426 4245; x_wconf 81' lang='lat' dir='ltr'><strong>lv,</strong></span> <span class='ocrx_word' id='word_1_212' title='bbox 442 4186 465 4248; x_wconf 83' lang='grc'><strong>8,</strong></span> <span class='ocrx_word' id='word_1_213' title='bbox 481 4185 511 4236; x_wconf 84' lang='grc'><strong>51</strong></span> <span class='ocrx_word' id='word_1_214' title='bbox 528 4185 594 4242; x_wconf 78' lang='lat' dir='ltr'><strong>Diod.</strong></span> <span class='ocrx_word' id='word_1_215' title='bbox 611 4183 668 4246; x_wconf 76' lang='lat' dir='ltr'><strong>xit,</strong></span> <span class='ocrx_word' id='word_1_216' title='bbox 684 4184 723 4244; x_wconf 86' lang='grc'><strong>86,</strong></span> <span class='ocrx_word' id='word_1_217' title='bbox 738 4185 762 4238; x_wconf 80' lang='grc'><strong>5.</strong></span> 
     </span>
    </p>
   </div>
   <div class='ocr_carea' id='block_1_7' title="bbox 0 0 1588 4950">
    <p class='ocr_par' dir='ltr' id='par_1_13' title="bbox 0 0 1588 4950">
     <span class='ocr_line' id='line_1_34' title="bbox 0 0 1588 4950; baseline 0 4"><span class='ocrx_word' id='word_1_218' title='bbox 0 0 1588 4950; x_wconf 95' lang='lat' dir='ltr'><strong> </strong></span> 
     </span>
    </p>
   </div>
  </div>
 </body>
</html>
