3168 4950
806 433 847 498 32

600 633 696 692 ”aroc
717 637 765 689 νοὶ
786 633 963 710 Πείσανδρος
984 629 1056 706 ἦλθε

598 757 730 830 δυόμενος
752 756 843 830 ψυχήν
864 755 943 820 idcir,
967 757 983 826 ἢ

597 876 675 942 ξῶντ’
696 878 804 934 ἐκεῖνον
824 880 973 954 noctiluca.

358 989 456 1076 Cuius
480 989 564 1056 filius
583 989 680 1056 fuerit
698 990 852 1056 Pisander
874 992 1047 1069 nescimus,
1067 992 1129 1057 nisi
1145 991 1280 1058 fortasse
1295 995 1339 1060 sit

314 1123 330 1178 ὁ
352 1127 483 1185 ιίιισίσυ,
504 1113 559 1198 qui
575 1120 845 1178 commemoratur
857 1116 914 1178 Av.
929 1117 1002 1190 765,
1021 1113 1077 1178 ubi
1096 1114 1213 1179 chorus
1229 1115 1338 1180 avium

314 1233 501 1320 praedicans
513 1233 678 1300 commoda
691 1252 767 1300 suae
778 1235 880 1310 urhis,
892 1235 926 1298 in
942 1254 1004 1320 qua
1016 1235 1210 1320 nequissimo
1223 1236 1340 1322 cuique

314 1354 425 1420 liceret
448 1376 523 1422 suas
546 1363 633 1422 artes
655 1357 786 1442 impune
807 1374 970 1422 exercerc:

400 1493 437 1546 Εί
458 1486 483 1544 δ’
507 1489 523 1545 ὁ
543 1492 667 1546 Πεισίου
688 1489 843 1562 προδοῦναι
866 1497 925 1552 τοῖς
945 1487 1059 1562 ἀτίμοις
1079 1491 1129 1552 τοὶς
1149 1491 1239 1552 πύλας

396 1611 539 1684 βούλεται,
562 1609 662 1685 πέρδιξ
682 1609 815 1686 γινέσθω,
839 1616 888 1666 τοῦ
910 1609 1014 1686 πατρὸς
1034 1615 1168 1666 νεοττίον·

396 1730 434 1796 ὡς
455 1728 520 1808 παρ’
542 1730 607 1805 ἡμῖν
629 1727 711 1788 οὐδὲν
732 1733 849 1807 αἰσχρόν
870 1731 950 1787 ἐστιν
970 1731 1169 1807 ἐκπερδικίσαι

360 1843 577 1910 Similitudine
606 1843 729 1909 scilicet
759 1843 926 1908 nominum
956 1843 1073 1908 ductus
1103 1841 1157 1908 Fr.
1177 1841 1275 1908 Vater
1305 1845 1339 1908 io

315 1966 395 2052 Allg.
418 1965 591 2053 Eneyclop.
615 1963 718 2030 Ersch
746 1971 778 2030 ct
800 1962 925 2029 Gruher
948 1985 973 2030 s.
994 1985 1024 2030 v.
1044 1963 1233 2030 Peisandros
1260 1963 1340 2030 dicit

314 2087 487 2153 verisimile
506 2105 575 2152 esse
593 2094 641 2151 ιόι
654 2099 778 2151 Πιισίισ
797 2084 895 2150 fuisse
912 2085 1114 2151 Pisandrum.
1139 2083 1237 2171 Saepe
1252 2087 1338 2152 enim

315 2218 393 2276 tuno
413 2209 566 2294 temporis
586 2207 669 2294 apud
686 2206 894 2272 Athenienses
913 2207 1110 2284 factumest,
1129 2215 1166 2272 ut
1182 2207 1238 2272 filii
1258 2210 1339 2274 acci·

315 2338 427 2420 perent
449 2331 577 2396 nomina
599 2329 741 2415 paullum
764 2349 783 2394 a
806 2329 906 2415 patris
929 2329 1057 2394 nomine
1079 2337 1201 2394 mutata
1225 2331 1280 2407 ita,
1302 2337 1340 2395 ut

317 2453 437 2520 nomini
467 2452 569 2538 patris
595 2457 628 2516 et
655 2449 712 2514 iihi
737 2449 917 2516 inhaereret
941 2448 1050 2516 eadem
1074 2449 1181 2529 radix,
1203 2459 1259 2517 aut
1280 2452 1339 2516 im·

317 2581 440 2640 mutata
469 2580 614 2640 maneret
643 2573 881 2659 compositionis
909 2592 983 2658 pars
1013 2573 1111 2658 prior,
1135 2593 1164 2640 v.
1183 2593 1211 2638 c.
1232 2586 1341 2644 Νικίας

316 2707 492 2783 Νικηράτου,
522 2707 622 2763 Κίὲοιν
644 2706 832 2770 Κίταινὲτου,
855 2709 972 2762 Φωκίων
999 2703 1105 2772 Φώκου,
1132 2703 1338 2781 θροούβουίος,

317 2829 333 2886 ὁ
353 2827 504 2904 θράσσισς.
537 2819 683 2884 Manabat
702 2818 756 2884 illa
778 2819 860 2884 ratio
879 2837 897 2882 e
915 2817 1021 2904 prisco
1040 2837 1103 2882 usu
1123 2832 1174 2882 τοῦ
1195 2826 1338 2901 caradoc

316 2950 472 3023 ιἰσμάτσιι.
504 2939 545 3005 Et
570 2941 616 3005 sic
640 2939 732 3005 facile
754 2939 823 3005 fieri
846 2940 961 3026 potuit,
975 2947 1012 3005 ut
1027 2939 1131 3006 Pisiae
1147 2938 1210 3004 iilio
1225 2959 1339 3005 nomen

318 3062 414 3128 fuerit
440 3060 603 3128 Pisander.
646 3060 795 3126 Attamen
822 3060 855 3125 id
884 3068 1110 3146 argumentum
1132 3081 1195 3125 non
1215 3068 1341 3126 tantum

317 3182 409 3260 valet,
433 3190 470 3248 ut
490 3191 539 3246 ιὸι
558 3197 683 3248 Πιισίσσ
702 3181 871 3248 credamus
894 3183 1054 3246 neminem
1080 3181 1179 3248 alium
1200 3201 1269 3248 esse
1288 3202 1341 3268 po-

316 3305 417 3369 tuisse
443 3323 540 3389 quam
565 3311 720 3385 nostrum.
761 3302 935 3369 Scholiasta
962 3303 1015 3368 cui
1038 3305 1150 3390 optimi
1176 3302 1279 3369 fontes
1302 3303 1341 3370 ad

318 3445 432 3491 manus
455 3432 557 3501 erant,
580 3424 660 3489 nihil
682 3426 763 3490 certi
787 3422 826 3489 de
849 3425 901 3490 illo
916 3424 1020 3490 Pisiae
1036 3424 1100 3490 filio
1115 3424 1222 3490 dicere
1236 3425 1341 3492 hahet.

318 3545 429 3630 ltaque
458 3565 527 3610 rem
558 3545 687 3612 duhiam
718 3544 895 3631 dijudicare
925 3565 987 3610 non
1015 3547 1119 3612 ausim
1149 3566 1282 3632 eamque
1309 3549 1342 3612 in

318 3666 422 3732 medio
445 3666 600 3752 relinquo.
635 3666 740 3732 Unum
759 3673 887 3732 tanturn
902 3687 1032 3732 monere
1050 3667 1157 3745 velim,
1177 3667 1254 3733 illud
1274 3669 1342 3734 scil.

318 3796 418 3874 σίριίιξ
438 3799 563 3874 γινέσθω
584 3797 616 3855 et
637 3797 670 3853 τὸ
691 3795 897 3874 ἐκπερδικίσαι,
921 3789 1037 3874 quihus
1056 3788 1240 3874 aufugiendi
1257 3796 1290 3855 et
1309 3809 1344 3854 se

318 3930 357 3975 cx
386 3910 537 3996 periculis
567 3908 753 3998 expediendi
783 3917 816 3976 ct
845 3909 997 3976 evadendi
1029 3909 1218 3996 significatio
1248 3911 1342 3986 inest,

319 4033 438 4118 optime
461 4030 573 4098 cadere
595 4033 629 4096 in
652 4030 800 4097 Pisandri
823 4033 998 4118 ingenium.

362 4153 493 4218 Praeter
511 4153 596 4220 hunc
612 4151 804 4218 Pisandrum
820 4161 852 4218 et
866 4153 948 4219 alius
967 4161 1044 4220 tune
1067 4152 1200 4220 Athenis
1225 4153 1342 4220 vixisse
