3168 4950
722 409 763 474 dh

228 593 333 676 Quum
365 617 440 662 vero
471 597 605 684 populus
634 596 803 684 desperare
833 605 864 664 et
892 597 1074 672 liberrimae
1101 597 1146 664 illi
1169 597 1257 683 Reip.

226 717 346 814 formae
368 717 512 784 diffidere
536 719 692 805 coepisset
715 716 766 806 ί),
790 718 883 785 facile
910 720 1079 806 optimates
1102 728 1258 786 κατέλυσαν

225 848 273 904 τὸν
294 850 390 924 οῆμον.
431 839 491 906 Sed
515 849 623 908 aetum
648 860 718 910 esse
740 841 868 908 videtur
891 841 975 927 apud
999 861 1053 906 eos
1076 859 1202 927 quoque
1218 841 1257 906 de

225 963 332 1046 prisea
351 963 470 1028 virtute
489 971 521 1029 et
536 963 716 1050 prudentia,
730 983 794 1050 qua
808 963 945 1050 majores
959 963 1034 1028 oiim
1056 965 1256 1058 carissimam

225 1086 364 1169 patriam
388 1085 427 1150 ad
451 1106 610 1152 summam
629 1086 762 1171 gloriam
778 1087 1016 1173 potentiamque
1034 1093 1255 1174 provexerant.

227 1204 385 1272 Malebant
409 1207 463 1272 isti
488 1209 585 1272 etiam
608 1206 801 1278 foedissimis
825 1207 1059 1276 conditionibus
1082 1227 1193 1294 paoem
1216 1207 1256 1273 ab

224 1326 369 1394 hostibus
401 1329 562 1416 aoeipere,
588 1349 685 1416 quam
712 1329 751 1396 de
775 1350 885 1396 rerum
909 1349 1036 1399 summa
1057 1349 1131 1396 eum
1155 1329 1255 1415 gloria

224 1449 398 1518 decertare.

268 1570 374 1652 ouum
404 1573 505 1658 igitur
536 1591 597 1646 sou
624 1585 743 1646 πολλοῖς
771 1574 860 1640 deest
890 1575 994 1642 omnis
1019 1573 1111 1653 fides,
1138 1573 1254 1640 desunt

222 1696 313 1759 nervi
336 1702 368 1760 et
391 1697 560 1780 optimates
583 1697 707 1782 patriae
727 1695 809 1762 male
829 1697 974 1781 eupiunt,
996 1696 1152 1774 videmus
1169 1696 1254 1782 quod

223 1836 352 1886 neeesse
377 1825 455 1894 erat,
479 1819 642 1884 civitatem
662 1817 888 1884 Atheniensem
907 1836 1001 1882 ruere
1017 1819 1050 1884 in
1066 1819 1252 1904 perniciem.

267 1938 333 2008 Illis
357 1948 464 2006 autem
488 1941 686 2008 tristissimis
706 1939 903 2026 temporibus
924 1958 1008 2006 unus
1028 1947 1087 2016 est,
1106 1941 1160 2024 qui
1176 1959 1253 2026 prae

222 2062 337 2128 ceteris
368 2062 544 2128 conabatur
566 2072 598 2128 ἐκ
619 2073 673 2127 τῶν
695 2071 846 2146 συμφορῶν
872 2061 1046 2128 commodis
1070 2063 1251 2148 prospicere

222 2185 299 2250 suis.
325 2183 538 2250 Theramenes
553 2184 684 2262 seilicet,
701 2185 756 2270 qui
773 2204 857 2250 unus
873 2191 942 2250 erat
957 2204 996 2250 ex
1012 2185 1062 2261 iis,
1079 2183 1250 2286 dequibus

225 2304 324 2372 Thur.
341 2310 373 2383 8,
390 2311 442 2383 59,
459 2311 478 2370 4
495 2305 587 2372 dicit:
609 2318 710 2380 πάντες
725 2319 777 2393 γὰρ
789 2315 953 2392 αὐθημερὸν
963 2314 1095 2378 ἀξιοῦσαν
1110 2315 1164 2384 οὐχ
1178 2316 1250 2378 ὅπως

222 2439 296 2502 door,
339 2437 411 2492 ἀλλὰ
449 2441 496 2494 καὶ
529 2440 602 2496 πολύ
637 2439 745 2514 πρῶτος
774 2439 860 2501 αὐτὸς
887 2437 1004 2501 ἕκαστος
1032 2428 1117 2492 εἶναι.
1160 2425 1250 2506 Quod

220 2550 380 2635 imprimis
403 2549 615 2616 Theramenes
640 2550 772 2618 studens
796 2569 921 2636 semper
945 2551 1034 2616 adest
1056 2551 1084 2614 ei
1109 2548 1249 2627 factioni,

222 2691 302 2756 quae
332 2691 418 2738 nune
450 2673 484 2738 in
514 2674 643 2740 civitate
670 2673 765 2738 habet
787 2680 986 2758 potestatem.
1034 2669 1160 2757 Optime
1186 2673 1248 2738 viri

219 2794 383 2878 ingenium
407 2801 439 2860 et
463 2795 564 2861 malae
588 2802 673 2860 artes
701 2801 938 2880 cognoscuntur
961 2813 999 2858 ex
1020 2795 1163 2860 oratione
1182 2793 1248 2860 Gri-
1297 2801 1302 2810 ’

219 2917 282 2982 tiae
302 2914 380 2984 Xer.
397 2916 475 2985 Hell.
490 2921 521 2994 h,
536 2922 567 2994 5,
584 2921 624 2982 24
646 2937 714 3002 sqq.
749 2915 892 3001 Namque
912 2934 1013 3000 quum
1034 2915 1247 2984 Theramenes

219 3051 261 3112 ολς
286 3047 334 3104 τὸν
362 3048 456 3123 δῆμον,
486 3046 567 3108 teste
589 3037 694 3127 Lysia,
714 3036 780 3127 (Or.
805 3042 856 3116 lh,
873 3036 939 3125 to.)
969 3049 1061 3105 πολλὰ
1088 3045 1246 3123 ἐξήμαρτεν,

219 3159 331 3226 Griiias
347 3181 420 3228 eum
438 3181 593 3230 aoousans
612 3181 675 3226 non
692 3179 822 3226 neeesse
837 3160 949 3226 habuit
965 3161 1100 3226 erimina
1116 3160 1245 3244 tingere,

220 3282 274 3348 sed
306 3284 474 3350 verissima
499 3303 569 3350 esse
592 3283 713 3368 opinor,
736 3301 818 3368 quae
841 3281 935 3348 dicit:
961 3281 1004 3370 (h,
1025 3287 1055 3360 5,
1075 3280 1141 3370 30.)
1165 3285 1247 3355 οὗτος

218 3415 270 3490 γὰρ
297 3413 328 3478 ἐξ
348 3413 435 3490 ἀρχῆς
455 3411 506 3488 μὲν
527 3413 681 3488 τιμώμενος
704 3413 757 3472 ὑπὸ
779 3420 829 3472 τοῦ
850 3413 947 3488 δήμου,
974 3415 1043 3470 κατὰ
1070 3413 1118 3469 τὸν
1139 3414 1246 3489 πατέρα

220 3534 356 3612 Ἅγνωνα,
386 3535 610 3611 προπετέστατος
642 3535 751 3613 ἐγένετο
779 3535 827 3605 τήν
855 3537 1045 3610 δημοκρατίαν
1072 3539 1244 3608 μεταστῆσαι

218 3661 259 3721 είς
280 3661 348 3720 τους
368 3661 566 3734 τετρακοσίους
585 3661 632 3712 καί
650 3655 804 3732 ἐπρώτευεν
820 3655 850 3711 ἐν
868 3655 999 3717 ἐκείνοις.
1031 3655 1093 3736 ἐπεί
1111 3653 1245 3728 δ’ᾔσθετο

219 3778 373 3836 ἀντίπαλόν
391 3800 420 3834 τε
441 3783 474 3850 τῇ
495 3778 647 3856 ὀλιγαρχίᾳ
664 3781 873 3852 συνιστάμενον,
896 3777 1004 3856 πρῶτος
1023 3771 1059 3833 αὖ
1077 3774 1183 3853 ἡγεμὼν
1206 3777 1244 3853 τῷ

217 3899 295 3978 δήμῳ
316 3897 360 3957 ἐπ’
381 3901 506 3964 ἐκείνους
527 3901 643 3978 ἐγένετο·
669 3900 739 3957 ὅθεν
760 3900 849 3971 δήπου
871 3905 919 3955 καί
941 3901 1079 3976 κόθορνος
1100 3898 1242 3956 ἐπικαίετ-

258 4161 284 4228 ·)
310 4161 384 4212 Thne.
400 4162 423 4219 ⁸,
438 4161 477 4210 66.
