3168 4950
710 429 751 490 25

215 618 360 707 gestandi
380 617 572 684 discessisse.
593 613 639 682 Oh
655 614 739 680 idem
755 616 870 680 vitium
883 613 1074 701 Laespodias
1087 620 1118 678 et
1130 611 1241 678 llama·

216 744 281 808 sias
315 742 421 808 nescio
457 740 529 824 quis
552 739 591 805 ah
610 737 762 823 Eupolide
781 737 928 802 ridentur
947 737 980 800 in
1000 755 1037 800 ea
1057 733 1172 810 fabula,
1191 734 1244 799 oui

217 882 332 928 nomen
356 870 403 928 est
426 874 535 944 Δῆμοι,
559 878 718 946 quamque
746 857 888 923 lloinehe
914 858 1040 922 hiennio
1062 863 1134 942 post
1161 857 1242 920 Aves

217 1004 301 1050 anno
314 987 377 1048 412
390 990 494 1050 aotam
508 1001 576 1048 esse
588 981 734 1066 conjecit.
753 977 892 1067 (Quaest.
902 999 986 1044 soen.
997 977 1021 1055 l,
1033 999 1104 1064 pag.
1114 983 1156 1044 to
1170 975 1241 1062 sq.).

218 1104 363 1172 Servavit
387 1104 478 1170 nohis
503 1102 677 1168 Scholiasta
701 1102 758 1166 hos
781 1101 860 1168 duos
883 1100 1056 1166 versiculos

282 1231 286 1236 ¹
351 1237 414 1292 ταδὶ
437 1231 468 1290 δὲ
489 1236 524 1290 τό
546 1234 646 1309 δένδρα
668 1233 849 1295 Λαισποδίας
871 1237 918 1288 καῖ
941 1237 1092 1306 Δαμασίας

349 1357 467 1412 αὐταῖσι
489 1366 552 1420 ταῖς
574 1356 724 1428 κνήμαισιν
745 1355 939 1412 όκολοοθούσό
960 1375 1010 1427 μοι
1032 1341 1077 1429 ³4).

263 1470 409 1536 Ceterum
417 1467 625 1554 Laespodiam
637 1475 922 1535 commemoratum
931 1466 1015 1554 apud
1024 1466 1242 1555 Phrynichum

219 1601 250 1657 ἐν
276 1608 463 1674 Κωμασταῖς,
495 1599 533 1662 ὡς
554 1601 710 1674 πολεμικοῦ
732 1600 890 1677 γεγονότος,
921 1590 955 1654 ill
984 1589 1092 1654 eodem
1121 1587 1245 1656 scholio

218 1712 373 1778 videmus.

263 1835 335 1923 hys.
353 1838 395 1900 99
416 1855 484 1921 sqq.
505 1834 655 1900 mulieres
672 1840 863 1919 queruntur,
880 1831 964 1917 quod
980 1833 1152 1898 miserrimi
1172 1832 1243 1898 helli

221 1975 318 2022 causa
342 1956 487 2022 abessent
510 1956 572 2020 viri
595 1962 627 2030 et
651 1956 738 2041 ipsae
760 1972 846 2019 nuno
877 1951 1006 2042 deserto¹
1022 1953 1165 2039 jacerent
1188 1953 1244 2018 iri·
1359 1991 1362 1997 -

219 2077 311 2164 gidae
333 2077 424 2145 lecto.
460 2076 514 2143 Sio
540 2077 700 2144 Calonioe:

396 2209 413 2266 ό
432 2203 499 2286 ηούν
520 2209 587 2282 ἐμός
607 2207 676 2284 όνήρ
696 2207 778 2264 πέντε
798 2212 893 2281 μῆνας,
916 2197 937 2262 ὦ
960 2209 1054 2270 τάλαν,

398 2327 516 2386 ἄπεστιν
537 2330 585 2386 ε’πῖ
607 2329 875 2406 dorimenniainni
898 2329 1034 2406 Εὐκράτη.

263 2442 305 2508 Εῖ
323 2443 393 2530 ipsa
410 2441 604 2530 Lysistrata:

413 2571 454 2629 ὁδ’
475 2573 541 2647 ἐμός
562 2595 592 2650 γε
613 2575 725 2638 τελέους
746 2574 816 2632 ἑπτὰ
836 2548 924 2648 μηκας
945 2576 975 2632 ἑν
995 2579 1091 2650 Πύλῳ.

225 2683 313 2750 Unde
344 2692 474 2771 apparet
505 2684 618 2773 Pylum
642 2687 728 2752 eirca
758 2685 790 2750 id
813 2695 955 2772 tempus,
977 2708 1039 2772 quo
1066 2687 1243 2775 Lysistrata

220 2814 293 2872 acta
304 2814 363 2882 est,
372 2807 440 2892 jam
452 2808 485 2871 in
497 2815 651 2893 potestate
664 2807 906 2872 Atheniensium
918 2807 1025 2872 luisse.
1049 2807 1094 2872 Ile
1106 2773 1244 2875 Euerate

219 2935 326 2993 autem
348 2926 465 2994 schol:
488 2937 651 3014 Στρατηγός
673 2935 836 3009 Ἀθηναίων
858 2939 874 2994 ό
894 2939 1047 3016 Εὐκράτης,
1071 2941 1244 3016 κωμῳδεῖται

221 3053 252 3112 δὲ
274 3058 311 3122 ὡς
332 3058 488 3134 δωροδόκος
510 3063 558 3114 καῖ
580 3059 718 3136 προδότης
739 3063 787 3116 καὶ
809 3057 896 3124 ξένος.
927 3051 1056 3118 Certum
1072 3052 1190 3140 aliquid
1207 3053 1245 3118 tle

218 3187 254 3234 eo
278 3170 383 3236 dicere
406 3191 537 3257 nequeo,
560 3173 710 3257 quoniam
734 3173 819 3258 apud
842 3175 975 3240 unicum
991 3174 1076 3238 illius
1091 3177 1243 3260 temporis

212 3289 367 3382 idoneum
384 3299 499 3358 testem
517 3292 735 3380 Thucydidem
748 3293 827 3358 nihil
840 3294 939 3360 video.
960 3292 1074 3360 Suidas
1087 3317 1112 3362 s.
1121 3305 1244 3376 ἀπέστην

219 3411 252 3494 (l.
269 3410 413 3500 ἅπεστιν);
438 3424 585 3499 Εὐκράτης
603 3416 685 3487 οὗτος
699 3418 732 3494 ἢν
747 3425 900 3501 στρατηγός
914 3421 1077 3496 Ἀθηναίων
1093 3429 1110 3485 o‘
1124 3431 1240 3487 κολλού-

218 3563 304 3616 μενος
331 3547 435 3621 στύηαξ
456 3544 616 3619 (oriundi)
640 3547 795 3623 δωροδόκος
824 3551 872 3603 καὶ
897 3549 1042 3624 προδότης,
1065 3551 1096 3614 ὃς
1116 3550 1245 3609 ἀπώλετο

221 3663 276 3720 ὑπό
304 3664 358 3719 τῶν
391 3666 552 3741 τριάκοντα,
589 3669 617 3724 ol
645 3663 687 3734 δὲ,
716 3666 754 3732 ὡς
781 3666 855 3724 πιὼν
882 3668 1005 3736 κώνειον,
1040 3671 1171 3730 ἀκόνιτον
1201 3673 1242 3730 δέ.

222 3775 357 3841 Videtur
379 3778 479 3863 igitur
503 3777 617 3846 Suidas
643 3799 695 3856 ea,
718 3799 799 3866 quae
822 3782 920 3845 variis
942 3781 1019 3848 loois
1041 3784 1125 3870 apud
1149 3783 1243 3852 Soho·

219 3895 346 3962 hastam
368 3897 489 3984 legerat
508 3899 546 3965 de
568 3900 705 3967 Euorate
724 3901 906 3988 demagogo
925 3905 981 3990 qui
1005 3906 1091 3972 eirca
1115 3909 1243 3974 initium

260 4157 286 4223 *)
303 4159 338 4208 Ad
355 4159 475 4226 Eupolidis
491 4161 566 4212 locum
582 4164 708 4230 respiciunt
725 4165 784 4216 Plut.
801 4166 858 4218 lior.
875 4181 927 4230 pag.
944 4167 1000 4218 tlt.
1011 4169 1244 4238 hliunapqoqilll.
