3168 4950
257 668 394 746 videtur,
418 676 454 735 ut
478 675 608 756 apparet
627 687 666 733 ex
687 666 789 734 Schol.
806 665 865 735 dv.
885 671 985 734 1555;
1008 679 1061 735 δύο
1081 675 1113 734 dt
1133 681 1193 735 εἰσι
1213 683 1281 736 Πει-

258 801 384 876 σανδροι,
408 803 539 876 καθάπερ
560 799 689 863 Εὔπολις
710 799 740 855 ἐν
760 804 880 876 Μαρικᾷ
901 820 1000 872 φησιν·

459 921 544 979 ἄκουε
564 929 615 979 νῦν
635 923 814 999 Πείσανδρος
835 921 872 986 ὡς
893 923 1060 980 ἀπόλλυται.

459 1044 475 1102 o‘
495 1045 642 1122 στρεβλός,·
666 1047 718 1104 οὐκ
738 1042 830 1100 ἀλλίἱ
849 1046 936 1122 μέγας
958 1045 1134 1110 οὖνοκὶνδιος

305 1171 353 1222 καλ
367 1169 488 1224 Πλάτων
506 1171 536 1223 ἓν
551 1169 719 1244 Πεισάνδρῳ
736 1171 802 1242 περλ
820 1166 985 1243 ἀμφοτέρων
1002 1168 1087 1244 λέγει.
1115 1159 1289 1240 Quaeritur

260 1281 369 1366 igitur,
393 1289 465 1346 uter
495 1280 593 1346 fuerit
620 1288 738 1347 noster.
785 1280 924 1368 Apparet
949 1282 1007 1346 hoe
1030 1302 1069 1346 ex
1094 1280 1191 1348 Suida
1215 1303 1241 1350 s.
1258 1305 1288 1350 v.

259 1413 439 1488 Πεισάνδρου
459 1413 630 1486 δειλότερος·
653 1411 748 1475 δειλὸς
770 1406 809 1484 ἦν,
832 1414 1024 1487 φιλοπόλεμος
1045 1408 1077 1468 δὲ
1099 1418 1147 1469 καλ
1164 1415 1284 1488 πολεμο-

260 1540 342 1598 ποὶος
371 1535 475 1611 κερδῶν
500 1535 580 1590 λδλων
601 1532 702 1591 ἕνεκεν·
725 1534 812 1611 μέγας
833 1535 872 1600 δέ,
896 1539 945 1590 καλ
966 1534 1097 1592 ἐκαλεῖτο
1118 1535 1289 1600 ὀνοκλνδιος·

260 1655 361 1732 ’ἔχρῃτο
372 1652 403 1712 δὲ
414 1659 551 1732 τριλοφλᾳ
567 1659 614 1710 καὶ
630 1657 731 1720 ὅπλοις
742 1653 893 1728 ἐπισήμοις
905 1657 975 1732 ὑπὲρ
989 1663 1040 1714 τοῦ
1054 1658 1150 1714 δοκεῖν
1160 1656 1291 1732 ἀνδρεῖος

259 1772 336 1833 εἶναι
356 1777 395 1852 μή
415 1775 462 1833 ὤν.
496 1766 585 1849 Quae
608 1768 716 1832 omnia
739 1767 858 1832 eadunt
882 1769 915 1832 in
938 1768 1140 1846 Pisandrum,
1164 1769 1203 1834 de
1226 1789 1289 1854 quo

260 1892 395 1976 agimus.
427 1889 515 1956 Adde
547 1889 732 1956 8ο1101.Αν.
761 1894 855 1966 1555,
889 1890 944 1954 ubi
972 1890 1011 1955 de
1040 1890 1150 1956 eodem
1172 1890 1290 1975 legitur

260 2017 292 2094 ἢν
313 2017 345 2077 δὲ
367 2021 399 2077 τὸ
420 2022 501 2095 σῶμα
526 2017 687 2089 adsurde,
715 2017 752 2082 ὡς
775 2017 988 2096 Ἕρμιππος...
1013 2026 1060 2076 καὶ
1082 2019 1286 2097 δωροδοκήσας.

304 2141 335 2199 ‘0
355 2144 490 2220 σιριβλός
511 2135 611 2218 igitur
630 2132 712 2197 adius
732 2140 811 2210 erat,
830 2135 1014 2219 ceteroquin
1027 2135 1165 2219 ignotus,
1183 2141 1291 2199 noster

259 2264 366 2322 autem
390 2256 451 2321 fuit
473 2265 648 2325 οὑιοκιιοιος
664 2252 710 2340 ³⁶).
745 2253 802 2320 eui
835 2257 1011 2320 sententiae
1041 2265 1148 2321 tamen
1180 2255 1291 2321 obesse

258 2377 385 2444 videtur
416 2377 518 2443 Schol.
543 2377 615 2464 Lys.
641 2379 716 2452 491,
751 2376 821 2454 ubi,
856 2384 1025 2462 postquam
1060 2376 1098 2442 de
1137 2375 1291 2442 Pisandro

260 2501 373 2585 ignavo
393 2508 425 2564 et
447 2504 593 2583 οωροοόιῳ
613 2517 717 2562 sermo
738 2506 816 2574 erat,
837 2497 981 2564 additur:
1005 2509 1067 2566 ἔστι
1092 2503 1124 2563 σὲ
1140 2512 1188 2562 καὶ
1204 2504 1290 2570 ἄλλος

260 2631 450 2706 Πείσανδρος,
474 2628 489 2685 0‘
510 2626 694 2694 Ὁνοκλνδιος,
718 2630 754 2694 ὡς
776 2628 905 2691 Εὔπολις
926 2627 957 2682 ἐν
977 2633 1104 2704 Μαρικᾷ.
1149 2618 1210 2685 Sed
1234 2627 1290 2686 aut

261 2742 435 2809 Scholiasta
459 2748 546 2806 errat
569 2749 625 2807 aut
648 2743 733 2807 inter
753 2751 931 2824 Πείσανδρος
952 2748 984 2805 et
1006 2750 1022 2805 ὁ
1042 2739 1162 2805 excidit
1184 2747 1210 2819 ἢ.

257 2888 450 2899 -------

302 2955 328 3019 *)
346 2955 392 3005 Cir.
408 2955 488 3004 Cobet.
505 2954 561 3004 Obe.
577 2955 615 3003 Cr.
632 2969 655 3020 p.
672 2954 724 3004 135.
