3168 4950
724 449 744 512 t

268 645 409 720 Tertius,
441 644 497 729 qui
527 643 580 709 illo
610 652 752 730 tempore
778 642 996 710 immortalem
1027 644 1087 709 sihi
1114 645 1248 731 gloriam

215 767 424 854 conquisivit,
456 765 683 832 Themistocles
714 773 778 844 est,
809 766 901 853 cujus
932 766 972 832 de
1001 769 1105 854 patria
1133 770 1248 836 merita

216 889 445 976 Aristophanes
468 888 663 974 lepidissimo
685 887 764 966 loco,
790 887 871 976 Equ.
896 893 971 956 815.
996 911 1055 978 sq,
1081 890 1190 958 laudat
1216 901 1248 958 et

216 1013 306 1080 illum
330 1031 404 1078 cum
427 1011 539 1077 Cleone
563 1030 752 1098 comparans
776 1011 877 1078 addit:

259 1145 399 1210 Κάκεῖνος
420 1141 471 1220 μὲν
491 1149 592 1223 ’φεύγει
614 1145 664 1216 τήν
687 1149 743 1223 γῆν,
767 1147 803 1202 σύ
826 1143 1016 1216 δ’Λχιλλείων
1036 1147 1203 1224 ἀπομαρτει.

261 1259 404 1324 Prudens
442 1259 528 1324 illius
565 1259 744 1336 consilium,
791 1281 854 1346 quo
888 1259 1002 1338 effecit,
1046 1269 1081 1326 ut
1117 1261 1248 1328 Piraeus

218 1382 410 1459 muniretur,
429 1381 538 1448 laudat
561 1379 642 1467 Equ.
660 1385 735 1448 887.
759 1380 803 1448 lle
821 1381 1041 1448 Themistoclis
1059 1391 1159 1448 morte
1176 1383 1248 1450 vide

216 1503 297 1592 Equ.
321 1507 380 1581 84,
409 1504 464 1569 uhi
494 1503 601 1569 Nicias
628 1503 668 1569 nd
692 1505 907 1572 miserrimam
931 1505 1146 1572 conditionem
1170 1506 1248 1572 ellu-

216 1627 365 1713 giendam
388 1627 465 1693 haec
489 1633 619 1696 moneta

390 1759 548 1816 Βέλιιαιον
569 1757 635 1834 ἡμῖν
655 1746 726 1833 αἷμα
748 1763 881 1834 ταύρειον
901 1768 989 1817 πιεῖν·

394 1882 648 1958 ὁθεμιστοκλὲους
669 1885 721 1960 γὰρ
741 1885 868 1946 θάνατος
890 1882 1085 1960 αἱρετώτερος.

264 1993 352 2061 Unde
382 2005 513 2083 apparet
543 1996 662 2062 lamam
693 1995 794 2072 illam,
825 1995 910 2081 quod
934 1996 1162 2062 Themistocles
1187 1999 1247 2064 sihi

219 2137 339 2184 veneno
370 2125 506 2184 mortem
538 2119 759 2194 conscivisset‚
790 2119 823 2182 in
855 2117 968 2204 vulgus
999 2126 1107 2184 notam
1139 2119 1248 2187 luisse.

221 2239 326 2306 Malim
358 2248 466 2306 tamen
499 2240 676 2328 Thucydidi
698 2241 827 2306 credere
851 2243 996 2307 narranti
1016 2240 1044 2318 I,
1071 2245 1144 2319 158,
1168 2247 1186 2306 5
1211 2241 1250 2308 de

222 2363 447 2429 Themistocle:
478 2372 599 2444 νοσήσας
623 2370 655 2430 δὲ
681 2376 798 2448 τελευτᾷ
823 2374 871 2430 τὸν
897 2374 969 2446 βίον,
999 2384 1096 2450 qttalll
1130 2363 1249 2430 Aristo·

221 2485 327 2572 phani,
351 2495 387 2551 ut
409 2495 534 2553 taceam
558 2488 596 2553 de
619 2487 778 2553 Clitaroho
801 2495 833 2553 et
857 2486 1012 2553 Stratoele
1034 2484 1080 2574 il).
1116 2485 1151 2552 ld
1171 2487 1250 2553 mihi

222 2617 330 2674 antem
360 2611 463 2696 magis
493 2610 666 2676 verisimile
696 2609 833 2686 videtur,
856 2611 1015 2675 comicum
1043 2609 1096 2675 illa
1127 2611 1249 2675 incerta

222 2730 307 2827 lama
330 2750 425 2797 usum
450 2751 518 2797 esse
541 2752 604 2797 non
628 2731 707 2808 ideo,
732 2731 815 2818 quod
836 2751 906 2797 eam
922 2733 1124 2817 potissimum
1140 2751 1250 2798 veram

222 2874 291 2920 esse
318 2854 474 2934 erederet,
502 2855 556 2920 sed
579 2857 653 2941 quia
678 2856 724 2920 sic
747 2856 871 2920 occasio
895 2862 978 2919 esset
1001 2873 1128 2918 versum
1153 2856 1250 2940 tragi-

223 2997 297 3042 cum
320 2977 556 3064 interponendi,
579 2977 664 3064 quod
687 2997 784 3063 quarn
805 2978 961 3042 comicam
984 2977 1050 3041 vim
1073 2975 1196 3052 haheat,
1220 2984 1251 3041 et

223 3121 319 3186 quam
334 3100 481 3166 lubenter
496 3101 610 3166 comici
627 3100 771 3178 iecerint,
788 3119 879 3164 nemo
896 3101 1032 3185 ignorat.
1057 3095 1250 3164 Obversatus

222 3231 282 3302 est,
293 3225 414 3310 opinor,
427 3222 632 3310 Aristophani
643 3243 756 3288 versus
768 3222 819 3287 ille
833 3221 1034 3308 Sophoclem,
1047 3221 1161 3308 fragm.
1174 3225 1250 3288 185:

332 3355 396 3431 ἐμοὶ
419 3351 450 3412 dd
472 3343 631 3432 (Helenae)
655 3349 762 3434 λῷστον
783 3343 853 3430 αἷμα
874 3359 1006 3431 ταύρειον
1027 3362 1116 3412 πιεῖν.

267 3469 423 3535 Leonidae
442 3469 562 3534 mentio
583 3467 618 3534 iit
633 3467 705 3557 hys.
724 3473 818 3545 1254,
835 3469 890 3535 uhi
909 3470 1026 3546 chorus
1041 3467 1251 3550 ¹Lacedaemo-

224 3595 351 3658 niorum
381 3593 466 3658 hunc
497 3593 530 3656 in
565 3591 694 3656 modum
729 3592 833 3678 paullo
864 3592 977 3657 durius
1008 3563 1134 3657 laudem
1166 3591 1253 3655 canit

222 3717 439 3782 strenuissimi
460 3714 551 3780 ducis
570 3733 755 3800 eorumque,
774 3715 829 3800 qui
847 3713 906 3779 suh
921 3713 974 3778 illo
990 3721 1056 3778 tam
1072 3711 1251 3798 praeclaras

223 3859 276 3905 res
298 3839 471 3925 gesserint:

462 3966 532 4046 'Apa'
553 3964 616 4027 d'ord
638 3970 790 4034 Λεωνίδας,

461 4085 527 4172 ἆγεν
549 4087 620 4172 ᾇπερ
641 4093 695 4158 τὼς
717 4095 827 4170 κάπροις

222 4181 386 4189 *-

265 4229 292 4295 ·)
318 4229 366 4281 αι
382 4230 447 4281 amr.
464 4229 482 4296 s
498 4231 537 4281 m.
