3168 4950
766 461 808 524 49

317 649 409 717 Hunc
431 671 560 716 versum
585 651 630 716 sic
655 650 889 716 emendandum
912 670 981 716 esse
1005 669 1092 715 reor:

420 780 510 840 ”neat
532 782 581 838 τὸν
602 783 717 841 deor-vc
739 783 842 843 καύτὸν
862 783 892 849 ἐς
913 782 962 855 τήν
984 785 1085 838 οἰκίαν.

729 1001 735 1036 l

768 1073 807 1141 X.

316 1262 404 1349 Virg.
433 1263 510 1330 Aen.
536 1267 577 1329 65
611 1283 679 1348 sqq.
710 1261 793 1327 June
821 1261 944 1328 Aeneae
977 1263 1057 1328 irata
1089 1261 1220 1328 Aeolum
1251 1264 1297 1328 sic

273 1383 457 1470 alloquitur:

318 1506 443 1580 »Aeole;
464 1527 602 1592 namque
622 1507 680 1572 tibi
704 1506 810 1572 divom
830 1515 922 1594 pater
941 1515 1037 1593 atque
1056 1508 1222 1572 hominum
1243 1528 1296 1572 rex
1342 1497 1347 1508 ‘

315 1628 356 1694 Et
376 1628 516 1694 mulcere
537 1628 623 1693 dedit
644 1628 762 1694 lluetus
782 1637 814 1694 et
835 1629 944 1694 tollere
963 1638 1066 1696 vento.

315 1748 398 1816 Gens
418 1750 551 1815 inimica
571 1750 649 1815 milri
671 1750 874 1838 Tyrrhenum
894 1752 1023 1835 navigat
1043 1771 1171 1837 aequor,

314 1871 408 1938 Ilium
429 1872 461 1936 in
483 1870 607 1937 ltaliam
627 1879 760 1958 portans
778 1873 942 1957 victosque
961 1872 1104 1947 Penates,

314 1993 426 2059 Ineute
450 1993 514 2058 vim
538 1994 696 2069 ventis,
721 1993 967 2080 submersasque
990 1993 1089 2059 obrue
1111 2013 1232 2079 puppes

315 2115 376 2182 Pro
403 2115 544 2180 ventis
571 2114 640 2201 lege
668 2114 784 2180 velis.

758 2429 811 2496 Xl.

314 2602 391 2670 lbid.
413 2603 467 2680 ΙΙΙ,
489 2609 530 2669 ut
555 2612 586 2668 et
610 2607 668 2668 ὅθι

493 2723 573 2805 Quid
600 2744 663 2789 non
688 2725 835 2789 mortalia
857 2732 986 2809 pectora
1010 2725 1097 2809 cogis

492 2845 571 2910 duri
601 2865 721 2912 saera
749 2845 848 2911 lames

313 2967 397 3052 Lege
425 2985 557 3032 sueva.

750 3265 817 3331 ΧΠ.

314 3457 390 3524 Hor.
411 3456 448 3523 Α.
469 3458 503 3522 Ρ.
525 3461 598 3525 569.
621 3476 703 3543 sqq.:

705 3578 874 3646 Consultus
895 3581 979 3667 juris
1002 3588 1034 3646 et
1058 3589 1146 3648 actor

378 3702 555 3769 Causarum
580 3701 756 3768 mediocres
779 3701 868 3767 abest
890 3705 1011 3768 virtute
1034 3702 1146 3770 diserti

378 3823 539 3890 Messallae
562 3843 620 3889 nec
643 3824 706 3888 scit
729 3831 886 3909 quantum
909 3823 1078 3890 Cascellius
1102 3825 1202 3891 dulus

380 3945 440 4012 Sed
460 3954 567 4012 tamen
588 3945 621 4009 in
641 3945 743 4031 pretio
762 3953 823 4010 est:
844 3945 1058 4012 mediocribus
1078 3965 1147 4012 esse
1170 3949 1271 4034 poetis

380 4068 448 4134 Non
468 4069 622 4143 homines,
641 4085 703 4132 uon
723 4066 767 4143 di,
787 4087 849 4132 non
873 4087 1057 4134 concessere
1080 4070 1275 4138 columnae

372 4190 560 4277 tegendum
583 4196 631 4256 est
653 4188 859 4255 Camenae.
