3168 4950
370 657 491 728 Prioris
513 655 723 746 expeditionis
745 663 844 723 testes
866 655 921 724 dot
944 657 1024 724 duos
1046 656 1129 724 Plut.
1153 655 1234 724 dim.
1254 661 1294 724 tn
1317 663 1350 724 et

326 782 425 851 Arist.
448 782 522 872 bys.
549 784 733 858 1140-47,
755 779 887 847 alterius
910 781 989 847 item
1011 780 1091 846 duos
1115 780 1215 848 Thuo.
1238 779 1264 858 t,
1289 785 1351 848 102

326 913 358 972 et
381 905 464 971 Piut.
480 903 559 971 Cim.
579 909 631 972 17.
662 901 749 984 Quae
760 911 867 970 autem
879 902 1050 991 probabilis
1066 922 1162 970 eausa
1179 911 1238 982 est,
1258 923 1353 990 quam

326 1027 366 1094 ob
400 1047 469 1093 rem
504 1025 751 1116 Aristophanem
784 1033 900 1092 testem
934 1026 1090 1116 producat
1120 1026 1205 1093 iilius
1237 1027 1354 1116 prioris

326 1148 556 1238 expeditiontst
584 1149 652 1216 Non
676 1149 780 1224 video:
804 1169 879 1216 uam
890 1149 1086 1238 Lysistratae
1101 1150 1207 1227 verba,
1219 1149 1296 1236 quid
1308 1157 1355 1215 est

326 1291 385 1340 eur
403 1293 466 1338 non
486 1273 581 1340 etiam
606 1281 750 1360 spectare
772 1273 896 1360 possint
920 1271 959 1338 ad
982 1291 1029 1347 ea,
1053 1292 1134 1359 quae
1154 1272 1356 1362 Thucydides

325 1396 449 1464 narrat?
463 1395 601 1484 Supplex
612 1396 699 1461 venit
711 1395 894 1472 Perioiides,
907 1403 943 1460 ut
955 1396 1000 1461 ait
1009 1395 1247 1483 Aristophanes,
1256 1415 1356 1482 quum

325 1526 357 1586 et
373 1519 479 1584 hostes
493 1525 525 1584 et
537 1518 615 1584 deus
628 1519 695 1604 ipse
710 1525 840 1602 urgeret
853 1515 1017 1604 Spartam;
1038 1518 1147 1584 Cimon
1161 1527 1269 1584 autem
1281 1538 1355 1584 oum

326 1645 414 1708 4000
445 1641 602 1706 militibus
632 1639 761 1706 advenit
789 1653 838 1706 nai
864 1650 932 1722 tter
957 1651 1046 1709 ἔσωσε
1073 1651 1121 1723 τήν
1145 1652 1355 1728 Λακεδαίμονα.

326 1763 410 1830 Num
434 1763 508 1830 inde
530 1771 672 1852 apparet,
696 1763 860 1831 Cimonem
884 1766 994 1831 statim
1017 1767 1057 1832 ab
1080 1767 1172 1832 initio
1192 1766 1265 1832 beili
1284 1787 1354 1854 pro

326 1885 446 1954 tectum
478 1887 567 1954 esse?
599 1887 640 1955 At
671 1907 773 1975 neque
804 1887 837 1954 id
868 1887 941 1954 inde
972 1896 1119 1976 apparet,
1145 1889 1355 1956 Athenienses

327 2011 437 2078 statim
468 2011 631 2077 invocatos
658 2019 773 2097 quarto
802 2012 931 2077 demum
956 2012 1028 2078 belii
1052 2033 1134 2078 anno
1159 2013 1352 2079 subvenisse.

326 2131 479 2209 Gonoedo,
502 2132 557 2198 sed
579 2133 712 2198 minime
734 2140 811 2218 puto
835 2135 949 2200 eomioi
975 2135 1085 2212 verba,
1109 2135 1164 2202 uhi
1187 2155 1255 2201 rem
1278 2136 1353 2200 otim

326 2264 448 2342 gestam
482 2262 722 2332 commemoret,
753 2262 820 2320 tam
855 2266 1004 2324 aoourate
1038 2278 1107 2324 esse
1140 2258 1295 2344 exigenda
1321 2267 1353 2325 et

326 2378 539 2465 ponderanda,
561 2377 652 2462 quasi
676 2376 744 2462 ejus
760 2377 942 2443 testimonio
958 2386 1043 2445 stare
1059 2381 1228 2466 possimus.
1259 2382 1352 2447 Prae·

326 2507 413 2566 terea
447 2519 508 2566 non
543 2499 717 2566 verisimile
751 2507 800 2566 est
833 2499 1013 2578 Cimonem,
1047 2503 1103 2588 qui
1137 2510 1208 2568 tum
1241 2504 1352 2570 multis

325 2622 549 2692 resistentibus
572 2621 700 2686 nonnisi
724 2640 817 2707 aegre
840 2621 989 2701 obtinuit,
1007 2633 1044 2690 ut
1059 2625 1252 2703 mitteretur,
1267 2626 1352 2692 idem

326 2747 376 2814 bis
398 2747 601 2834 impetrasse,
625 2745 720 2832 idque
744 2763 844 2831 quum
864 2744 931 2832 jam
956 2753 1032 2812 tuno
1055 2749 1208 2835 temporis
1231 2750 1352 2815 semina

326 2859 535 2958 perniciosae¹
552 2868 638 2934 illius
668 2869 753 2963 inter
788 2869 1024 2936 aristocratioos
1058 2878 1089 2936 et
1123 2870 1353 2940 democraticos

325 2992 502 3060 discordiae
522 2991 608 3077 J'aota
631 2998 747 3055 essent.

369 3115 480 3181 Restat
510 3114 610 3199 igitur
640 3112 732 3180 testis
763 3111 843 3177 alter
873 3111 1074 3182 Plutarchus.
1118 3113 1179 3182 Sed
1210 3118 1238 3182 si
1266 3119 1353 3182 istud

327 3243 424 3314 αὖθις,
446 3235 529 3322 quod
549 3235 648 3301 tacite·
663 3234 703 3299 oh
723 3234 965 3302 similitudinem
985 3236 1195 3304 finitimarum
1210 3239 1353 3307 literula·

326 3381 400 3427 rum
423 3359 505 3426 male
527 3357 639 3447 pedem
655 3357 774 3422 inferre
790 3359 895 3444 potuit
910 3359 944 3447 s)
966 3369 1021 3426 ont
1036 3381 1168 3448 prorsus
1184 3362 1353 3428 delendum

326 3503 396 3552 esse
422 3490 483 3554 ,aut
515 3480 600 3546 aliud
632 3479 709 3564 quid
739 3499 775 3544 eo
799 3477 866 3545 looo
890 3483 1048 3568 seriptum
1071 3482 1169 3547 tuisse
1192 3491 1352 3568 putamus,

327 3606 434 3673 omnia
465 3610 551 3670 reete
583 3601 699 3668 habent
731 3609 761 3667 et
787 3600 873 3667 deest
898 3605 1001 3669 omnis
1025 3603 1205 3670 difficultas.
1248 3603 1353 3683 Quum

327 3730 413 3796 enim
448 3725 572 3792 nullum
606 3724 746 3812 supersit
780 3723 814 3788 in
848 3725 1010 3792 veteribus
1048 3725 1188 3792 tontibus
1223 3726 1354 3792 alterius

328 3849 535 3938 expeditionis
565 3847 737 3932 vestigium
769 3854 815 3924 et,
852 3853 889 3912 ut
921 3867 1018 3934 supra
1052 3847 1284 3928 demonstravi,
1315 3870 1355 3916 ne

328 3971 499 4039 veriismile
528 3968 657 4056 quidem
687 3968 740 4047 sit,
770 3989 963 4056 quemquam
995 3971 1203 4038 Athenienses
1229 3973 1279 4040 bis
1316 3973 1355 4040 ad

324 4137 515 4148 -—..-„,

369 4225 396 4289 ⁸)
422 4225 992 4281 ΑΘΗΝΛΙΟΥΣΛΥΘΙΣΕΚΛΛΟΥΝ.
1092 4259 1094 4265 2
