3168 4950
813 405 857 470 20

365 590 410 658 lle
440 591 529 660 Nicia
560 611 661 678 pauca
685 592 855 670 sufficiant,
877 596 953 680 quin
976 614 1056 680 quae
1079 595 1112 660 in
1136 593 1342 680 Aristophane

322 713 362 780 de
392 715 444 780 illo
474 723 649 780 occurrunt
672 715 739 802 jam
762 715 925 801 collegisse
947 716 1038 784 video
1062 716 1177 782 Troste
1200 713 1246 802 a),
1286 713 1344 780 Sed

321 836 439 922 legitur
463 837 495 900 in
520 833 632 902 llochii
656 835 852 924 praefatione
876 836 915 902 ad
938 836 1036 924 liquit
1056 836 1345 926 (ed.Weidmnnni‚
1434 901 1437 906 ,

268 959 272 968 ’
325 961 420 1034 1867,
443 977 513 1043 pag.
540 955 606 1043 50),
634 959 794 1024 exstitisse
817 959 970 1044 aliquem,
995 961 1050 1045 qui
1074 965 1204 1043 negaret
1227 957 1343 1022 Aristo·

323 1077 458 1164 phanem
471 1077 594 1144 duobus
608 1078 669 1144 illis
681 1081 781 1144 servis
794 1079 884 1144 Demi
897 1079 1093 1164 significasse
1105 1078 1345 1144 Demosthenem

323 1207 354 1264 et
378 1198 512 1266 Niciam.
551 1198 703 1280 Quamvis
726 1209 833 1266 autem
856 1221 908 1266 res
936 1202 977 1266 sit
999 1203 1214 1288 apertissima,
1242 1209 1345 1266 tamen

321 1321 413 1408 juvat
435 1324 545 1410 paucis
569 1321 745 1398 ostendere,
772 1343 868 1407 quam
892 1322 983 1388 ianile
1003 1329 1197 1408 spectatores
1217 1343 1256 1387 ex
1272 1323 1346 1408 ipsis

324 1445 408 1508 servi
440 1444 545 1508 verbis
575 1461 746 1528 agnoscere
776 1446 939 1530 potuerint
965 1443 1098 1509 Niciam.
1140 1443 1242 1509 Erant
1264 1444 1346 1508 enim

325 1563 356 1628 in
389 1582 514 1629 summo
537 1566 605 1628 viro
629 1571 666 1628 ut
690 1567 830 1651 insignes
854 1566 1006 1640 virtutes,
1031 1567 1076 1630 sic
1100 1565 1250 1630 nonnulla
1271 1565 1347 1630 vitia

326 1703 451 1772 quoquc
475 1692 507 1752 et
530 1685 647 1751 nullius
670 1687 732 1750 viri
757 1688 919 1769 ingenium
943 1687 1028 1752 illius
1047 1686 1175 1772 quidem
1197 1687 1348 1771 temporis

326 1807 416 1872 nohis
447 1816 495 1873 est
525 1809 628 1893 magis
659 1816 770 1873 notum
805 1828 902 1892 quam
933 1807 1051 1872 Niciae.
1095 1806 1173 1872 Erat
1204 1805 1348 1870 videlicet

326 1939 447 2014 φοβερὸς
463 1926 505 2017 †)‚
524 1939 653 2015 ἀθαρσής
673 1944 721 1993 καὶ
744 1939 879 2002 δύσελπις
897 1926 926 2016 ᾧ)
946 1935 978 1993 θλ
990 1927 1160 1993 ridiculum
1174 1929 1206 1992 ln
1219 1926 1348 1991 modum

327 2059 515 2134 δεισιδαίμων
534 2049 603 2137 ll).
647 2048 733 2129 Quae
758 2052 836 2116 vitia
860 2049 1100 2116 accuratissime
1126 2047 1350 2134 Aristophanes

329 2169 481 2257 depinxit.
516 2169 587 2237 lam
610 2172 715 2258 prima
736 2171 850 2236 verba:

481 2305 601 2358 κάκιστα
622 2299 687 2372 δῆθ’
710 2295 792 2364 οὗτός
812 2322 843 2378 γε
865 2301 974 2378 πρῶτος
994 2301 1190 2377 Παφλαγόνων

481 2425 584 2486 αὐταῖς
605 2423 759 2496 διαβολαῖς

329 2531 501 2600 ostendunt
524 2535 755 2620 spectatoribus
779 2536 851 2621 quis
866 2536 899 2598 in
917 2554 1043 2600 scenam
1059 2532 1223 2619 prodierit.
1254 2531 1350 2596 Tene·

328 2655 403 2722 hant
423 2656 507 2721 enim
528 2658 681 2723 memoria
697 2657 810 2723 acerba
826 2655 994 2722 maledicta
1012 2655 1135 2720 Cleonis
1159 2655 1191 2719 in
1216 2653 1348 2729 Niciam,

309 2795 428 2864 ·quum
451 2781 595 2865 proximo
618 2781 723 2866 priore
746 2798 828 2844 anno
851 2777 1058 2842 Athenienses
1077 2782 1148 2861 post
1163 2773 1349 2839 dinturnam

328 2899 541 2965 obsessionem
567 2898 739 2986 Spartanos
763 2901 795 2963 in
820 2899 923 2963 insula
947 2896 1134 2982 Sphakteria
1157 2914 1269 2982 capere
1289 2914 1351 2958 non

330 3026 458 3106 possent
485 3020 538 3102 ††)
572 3029 693 3083 Δειλλαν
726 3018 848 3082 scillcet
878 3030 926 3081 καὶ
957 3028 1099 3100 μαλακίαν
1129 3022 1207 3080 tunc
1237 3015 1352 3100 objecit

330 3137 449 3206 Niciae.
484 3138 532 3203 Ad
556 3136 665 3204 eadem
689 3137 739 3203 illa
765 3137 932 3203 maledicta
955 3144 1101 3223 spectant
1119 3136 1215 3200 verha
1230 3135 1352 3200 Cleonis

334 3261 367 3324 in
405 3257 512 3346 Equit.
538 3263 612 3327 288.
664 3259 787 3346 Ingenii
820 3259 1024 3324 timiditatem
1057 3257 1177 3323 indicat
1208 3258 1349 3342 primum

331 3380 407 3446 illud
432 3379 526 3469 (vers.
552 3379 615 3467 tn).

710 3493 756 3550 ἵνα
775 3496 813 3568 μὴ
833 3495 976 3568 μάχωμαι.

371 3750 397 3814 *Ι
417 3751 482 3814 Spec.
499 3751 575 3810 inaug.
591 3765 642 3813 pag.
659 3747 688 3799 te
705 3763 739 3814 sq.

369 3847 395 3910 t)
414 3845 487 3896 l'huc.
503 3845 525 3902 Ι,
541 3844 580 3896 ⁴2.

367 3938 396 4001 S)
415 3939 474 3988 Plut.
491 3940 542 3988 Nic.
557 3939 581 3987 2.

355 4034 397 4098 **)
415 4033 474 4084 Plut.
491 4034 541 4084 Nic.
557 4033 588 4084 ΙΙ
603 4040 627 4082 et
643 4032 706 4082 Plato
722 4032 792 4082 Lech.
808 4046 831 4096 p.
848 4027 902 4079 195.
917 4029 945 4079 E.

360 4129 401 4194 tt)
420 4128 479 4178 Plut.
495 4129 547 4179 Nic.
561 4128 601 4177 Vll
617 4127 691 4178 Thuo.
707 4127 747 4184 111,
761 4127 800 4176 tt.
