3168 4950
694 483 733 544 15

199 685 327 765 αμόοθιν
354 681 471 758 ὁρῶντες
497 681 631 758 γεγονότα
658 679 712 742 τῶν
738 679 869 744 πολιτῶν,
899 678 1068 755 βουλόμενοι
1097 673 1128 744 ,δὲ
1153 677 1226 752 ὅμως

199 797 275 860 οἶνοί
297 825 362 860 τινα
384 803 433 859 τόν
454 802 524 878 πρὸς
545 801 631 858 αὐτόν
651 801 890 876 ἀντιτασσόμενον
910 800 941 858 ἐν
961 806 994 878 τῇ
1010 802 1093 864 πόλει
1113 803 1161 876 καί
1178 799 1227 872 τήν

198 925 319 1001 δύναμιν
339 923 525 1000 ἀμβίίνοντα,
548 924 620 990 ὥστε
640 923 679 1000 μή
700 924 802 998 κομιδῇ
822 927 980 998 μοναρχίαν
1000 917 1084 990 εἶναι,
1107 921 1224 986 douxv-

201 1047 304 1117 όίόην
337 1047 395 1103 τόν
427 1045 688 1116 Ἀλωπεκῆθεν,
722 1045 810 1121 ἀνδρα
842 1046 973 1122 σώφρονα
1010 1048 1060 1102 καί
1092 1043 1227 1116 κηδεστήν

200 1173 339 1242 Κίμωνος,
361 1167 533 1238 ἀντέστησαν
556 1166 802 1241 ἐναντιωσόμενον.
832 1158 872 1225 Hi
892 1158 992 1244 igitur
1012 1158 1130 1226 summi
1150 1163 1228 1222 tunc

201 1280 235 1345 in
266 1281 394 1346 civitate
424 1281 486 1346 viri
510 1281 628 1346 acriter
659 1279 854 1366 aliquamdiu
885 1281 971 1346 inter
997 1299 1032 1346 se
1054 1279 1229 1354 certabant,

200 1402 279 1468 vicit
305 1410 412 1468 autem
438 1402 577 1468 Pericles
602 1401 651 1486 ἦ),
682 1411 791 1468 ἐκεῖνον
813 1407 865 1486 μὲν
892 1409 1010 1483 ἐξέβαλε
1035 1411 1171 1467 κατέλυσε
1198 1405 1229 1465 δὲ

201 1531 250 1602 τήν
266 1531 498 1610 ἀντιτεταγμένην
512 1531 648 1608 ἑταιρίαν,
667 1523 762 1610 quod,
779 1531 859 1590 teste
871 1522 1041 1590 Plularcht)
1052 1520 1096 1611 †),
1108 1521 1229 1588 lactum

202 1653 251 1711 est
266 1665 349 1710 anno
365 1644 430 1711 iere
446 1647 686 1732 445„quoniam
702 1645 776 1712 inde
792 1646 831 1711 ab
848 1642 972 1733 Olymp.
985 1649 1038 1714 84.
1055 1646 1185 1711 ineunte
1197 1642 1227 1730 b)

202 1765 340 1839 Pericles
364 1765 433 1832 sine
455 1767 519 1832 ullo
542 1766 725 1833 adversario
749 1767 872 1832 civitati
895 1773 1030 1854 praeest.

246 1888 360 1954 Paucis
378 1907 453 1954 vero
473 1889 565 1956 annis
584 1895 656 1974 post
673 1887 809 1952 eundem
827 1886 1045 1976 Thucydidem
1061 1906 1099 1952 ex
1119 1887 1230 1955 exsilio

202 2028 366 2074 reversum
394 2017 426 2075 et
448 2009 563 2075 ducem
591 2015 736 2076 creatum
759 2007 904 2074 videmus
927 2026 1002 2078 cum
1024 2008 1175 2093 Hagnone
1197 2015 1230 2073 et

202 2129 392 2196 Pharmione
416 2132 449 2195 in
473 2131 612 2196 insulam
641 2128 773 2223 Samum
803 2129 973 2216 proficisci.
1009 2128 1096 2209 Quae
1123 2137 1230 2196 autem

203 2271 301 2338 supra
323 2273 362 2318 ex
385 2252 596 2340 Aristophane
620 2252 723 2329 attuli,
742 2272 806 2316 non
829 2251 913 2318 iacta
932 2271 1001 2318 esse
1023 2251 1174 2317 videntur
1197 2252 1230 2316 in

204 2373 255 2438 illo
269 2373 402 2461 judicio,
425 2394 489 2460 quo
512 2374 650 2441 Pericles
668 2374 839 2440 molestum
859 2374 1078 2440 adversarium
1098 2375 1130 2438 in
1150 2375 1230 2439 exsi-

202 2495 283 2565 lium
307 2497 450 2563 miserat.
490 2495 551 2575 Qui
580 2498 665 2562 enim
689 2497 758 2562 fieri
781 2497 948 2584 potuisset,
970 2504 1008 2563 ut
1031 2496 1128 2564 lactio
1150 2499 1229 2584 opti-

203 2618 339 2690 matium
354 2625 425 2705 post
440 2617 582 2684 Cimonis
599 2625 736 2685 mortem
751 2620 858 2684 virum
875 2621 962 2684 senio
978 2639 1117 2705 gravem,
1130 2619 1232 2708 deque

202 2740 295 2826 eujus
315 2740 428 2808 robore
446 2747 477 2808 et
493 2741 641 2808 acumine
653 2741 721 2826 jam
740 2739 862 2806 dudum
881 2748 989 2806 actum
1004 2749 1097 2818 esset,
1117 2741 1232 2812 Pericli

203 2863 411 2950 opposuisset,
435 2863 483 2930 vel
502 2870 539 2928 ut
560 2862 696 2930 eundem
716 2862 876 2927 nonnullis
896 2863 989 2928 annis
1009 2871 1081 2950 post
1095 2864 1231 2950 populus

203 2985 277 3054 belli
300 2983 415 3050 ducem
438 3003 547 3050 creare
569 2985 746 3071 potuisset?
771 2984 939 3052 Praeterea
961 2984 1021 3054 Ar:
1041 2986 1075 3050 in
1094 2983 1231 3052 Acbarn.
1271 3057 1272 3060 ,

206 3107 354 3192 queritur
383 3107 422 3172 de
452 3107 547 3172 rebus
578 3107 813 3193 praesentibus
844 3107 883 3172 de
912 3128 993 3174 nova
1021 3107 1075 3174 illa
1099 3107 1232 3194 juvenili

206 3230 339 3298 audacia
361 3236 393 3294 et
415 3229 604 3315 petulantia,
628 3229 720 3315 cujus
743 3230 948 3295 notissimum
963 3230 1143 3316 exemplum
1159 3251 1232 3296 mox

204 3351 383 3421 Alcibiades
417 3358 479 3427 est,
519 3359 614 3437 atque
653 3350 773 3417 idcirco
814 3371 876 3418 non
915 3350 1006 3416 facile
1044 3361 1232 3438 argumento

205 3473 364 3541 attulisset
395 3492 463 3538 rem
490 3490 590 3560 paene
618 3473 732 3558 viginti
760 3473 852 3540 annis
875 3480 948 3540 ante
975 3473 1103 3542 iactam.
1144 3473 1231 3555 Quae

204 3615 304 3684 quum
324 3595 369 3660 ita
387 3596 462 3671 sint,
483 3594 545 3661 duo
562 3594 607 3663 illi
626 3594 687 3660 loci
705 3603 848 3682 spectare
859 3596 1009 3662 videntur
1024 3596 1063 3662 ad
1072 3597 1230 3682 judicium

204 3717 379 3804 quoddam,
403 3735 465 3804 quo
495 3716 580 3782 baud
607 3717 652 3784 ita
675 3716 776 3782 multo
799 3724 873 3782 ante
900 3716 1119 3788 Acharnenses
1142 3727 1230 3786 actos

206 3837 408 3927 Thucydides
423 3837 475 3904 ille
490 3839 597 3904 nescio
613 3837 706 3924 eujus
718 3839 864 3904 criminis
879 3848 1048 3906 accusatus
1062 3839 1101 3904 ab
1112 3839 1229 3906 adoles-

245 4029 271 4094 *)
290 4029 349 4080 Plnt.
365 4031 446 4081 Pericl.
461 4031 519 4080 xtv.

245 4125 271 4189 b)
290 4125 369 4176 Pericl.
384 4125 443 4176 XVI.

243 4220 273 4285 S)
290 4221 361 4271 crint.
377 4221 403 4271 F.
418 4221 448 4272 ll.
464 4221 503 4272 st.
521 4220 626 4286 (lirosa.)
