3168 4950
503 1535 686 1634 CAPUT
718 1536 951 1635 PRIMUM.

270 1801 310 1844 DE
324 1803 376 1857 m,
392 1800 449 1859 QUI
464 1801 546 1844 Auru
561 1801 686 1844 BELLUM
701 1803 999 1846 Pnnorortnnsmcnu
1015 1803 1184 1845 VIXERUN'I'.

662 2109 792 2130 .-..,ᾼφ....

257 2407 308 2474 Uti
339 2409 439 2476 ferme
469 2413 502 2476 iu
533 2412 620 2476 omni
656 2410 769 2497 populo
805 2410 872 2474 fieri
908 2409 999 2487 solet,
1031 2410 1080 2474 sin
1108 2408 1240 2488 Athenis

212 2551 339 2618 quoque
362 2534 480 2598 summi
503 2535 581 2611 viri,
604 2535 660 2620 qui
684 2535 717 2598 iu
740 2534 939 2619 gravissimis
965 2533 1163 2618 temporibus
1185 2541 1241 2598 aut

213 2655 332 2719 virtute
361 2654 567 2734 helliea„aut
590 2655 720 2722 consilio
744 2657 777 2720 in
801 2653 1055 2721 administranda
1078 2654 1240 2740 republica

212 2775 364 2854 adhibito,
394 2780 515 2864 patriae
548 2777 684 2844 salutem
708 2778 899 2855 attulerunt,
923 2776 1023 2842 multa
1047 2777 1179 2842 adversa
1202 2778 1241 2842 ah

211 2899 397 2986 aequalibus
427 2903 512 2986 passi
545 2909 635 2977 sunt,
666 2903 783 2987 partim
807 2901 846 2966 ab
871 2900 1038 2976 invidiam,
1061 2901 1179 2986 partim
1202 2899 1241 2964 oh

212 3024 404 3089 anxietatem
439 3023 560 3110 popuii,
599 3043 639 3088 ne
669 3023 746 3110 quid
776 3023 907 3089 libertas
937 3045 956 3089 a
986 3023 1149 3110 primariis
1181 3021 1242 3087 illis

213 3144 399 3212 detrimenti
431 3154 568 3232 caperet.
620 3145 718 3232 Cujus
748 3148 795 3212 rei
826 3147 1031 3211 notissimum
1061 3145 1241 3232 exemplum

213 3267 367 3334 habemus
391 3267 582 3346 Aristidem,
606 3270 677 3355 qui,
701 3269 848 3354 quamvis
872 3289 955 3334 nnus
974 3271 1117 3334 omnium
1131 3267 1242 3355 justis-

214 3391 318 3456 simus
341 3390 448 3468 suerit,
474 3399 579 3456 tamen
604 3390 689 3457 illam
715 3391 867 3458 iuvidiam
891 3390 1029 3477 effugere
1052 3409 1114 3456 nou
1138 3392 1241 3477 potuit

213 3521 245 3578 et
279 3514 384 3600 patria
417 3513 529 3600 pulsus
563 3522 612 3580 est
644 3514 763 3582 nuliam
798 3514 890 3581 aliam
926 3515 966 3580 ob
1001 3534 1146 3592 causam,
1180 3515 1242 3579 nisi
1288 3593 1312 3604 ‚V
1348 3553 1350 3558 ·
1382 3529 1387 3543 ·
1462 3519 1464 3528 ‘

214 3635 406 3721 »quodiam
429 3635 543 3722 cupide
568 3637 768 3714 elaborasset,
792 3646 828 3702 ut
851 3646 977 3724 praeter
993 3645 1115 3734 ceteros
1130 3625 1263 3702 iustus*

213 3757 448 3844 appellaretur”
461 3756 506 3846 ἥ).
531 3758 679 3825 Attamen
696 3759 905 3824 Athenienses
915 3757 1082 3844 'ingratum
1097 3760 1242 3824 animum

215 3899 277 3945 non
308 3879 491 3959 servabant,
520 3901 622 3968 neque
645 3883 766 3968 optima
789 3881 915 3949 iliorum
939 3881 978 3947 de
1000 3883 1103 3968 patria
1127 3882 1241 3948 merita

216 3999 370 4070 oblivione
402 4002 560 4090 tegebant.
603 4003 706 4092 Atque
737 4005 783 4071 sic
814 4001 916 4072 eidem
949 4004 993 4070 illi
1024 4006 1168 4092 contigit,
1196 4013 1242 4084 ut,

209 4183 397 4194 ———

257 4268 284 4333 ⁸)
310 4267 379 4318 Corn.
395 4267 453 4334 Nep.
469 4269 541 4320 Arist.
558 4268 576 4320 Ι.
