3168 4950
330 641 461 692 cansam
484 630 536 690 αεα
558 627 669 707 ἀρατὸν
690 629 724 686 αα
746 630 882 687 actaeona
903 619 1002 688 luisse
1025 618 1155 698 diceret,
1171 619 1288 707 quippe
1307 620 1365 706 qui

330 745 417 811 cives
464 750 650 830 ἀγριωτέρους
680 770 712 829 γε
748 750 889 823 ἀπέφηνεν
913 751 932 824 ἢ
958 751 1019 816 αἴας
1060 749 1215 828 παρέλαβε,
1253 749 1363 808 tamen

329 884 431 934 unum
464 863 550 932 illius
572 863 718 934 licentiae
741 882 859 952 genus,
883 865 943 932 sihi
966 865 1113 952 quidem,
1137 866 1193 953 qui
1214 863 1362 932 laudibus

330 987 436 1056 extolli
459 987 584 1067 soleret,
608 989 763 1056 nimirum
784 990 1050 1076 ingratissimum,
1076 988 1131 1056 sed
1147 987 1232 1075 quocl
1246 987 1361 1075 populo

329 1111 434 1180 Attico
451 1112 669 1178 certissimum
684 1112 841 1180 libertatis
860 1113 977 1200 pignus
990 1111 1163 1190 videretur,
1186 1112 1361 1198 reprimere

328 1253 427 1302 ausus
457 1243 515 1302 est.
569 1232 697 1302 Scilicet
726 1248 871 1321 παρρησία
899 1234 952 1302 illa
980 1235 1193 1312 comicorum,
1216 1253 1298 1320 quae
1323 1241 1360 1300 ut

329 1360 471 1446 primum
501 1365 572 1426 orta
603 1363 668 1434 est,
697 1376 730 1423 se
753 1358 787 1422 iu
811 1357 901 1424 illum
925 1358 1115 1446 praesertim
1142 1357 1360 1434 convertisset,

328 1483 381 1548 cui
401 1481 577 1567 plurimum
595 1479 738 1558 debebat,
761 1480 801 1546 alo
825 1499 862 1546 eo
882 1482 950 1568 ipso
968 1479 1039 1568 lege
1057 1479 1121 1548 lata
1134 1481 1165 1546 in
1179 1487 1246 1546 tres
1261 1499 1360 1546 annos

327 1623 479 1691 oppressa
508 1610 571 1680 est,
599 1611 635 1668 ut
668 1601 866 1670 demonstrat
898 1602 1034 1670 Cohctus
1065 1603 1098 1668 in
1122 1599 1251 1670 Observ.
1287 1603 1359 1668 crit.

327 1727 360 1792 in
384 1725 524 1794 Platonis
547 1725 634 1794 Gom.
658 1726 714 1793 rel.
738 1747 810 1815 pag.
834 1730 853 1793 t
879 1747 947 1814 sqq.

374 1850 505 1918 Praeter
525 1851 595 1918 illos
615 1859 682 1918 tres
702 1852 788 1918 locos
806 1851 874 1938 jam
894 1849 956 1916 duo
976 1850 1009 1914 in
1025 1848 1236 1935 Aristophane
1251 1867 1360 1914 occur-

329 1982 417 2051 runt,
440 1975 495 2039 ubi
518 1974 650 2040 Periclis
673 1976 793 2040 mentio
809 1975 854 2052 lit,
877 1991 1014 2061 quorum
1029 1972 1109 2040 alter
1124 1978 1173 2038 est
1187 1969 1269 2042 Nub.
1286 1975 1361 2050 213,

329 2095 384 2162 uhi
423 2093 634 2182 Strepsiades‚
674 2113 775 2180 quum
820 2097 880 2162 sibi
916 2098 948 2162 in
985 2094 1125 2164 Socratis
1153 2107 1360 2183 φραναισαηρηῳ

330 2217 505 2304 discipulus
535 2216 677 2284 tabulam
708 2217 951 2303 geographicam
975 2219 1113 2304 explicat
1136 2218 1360 2304 Euboeamque

331 2347 488 2406 monstrat
509 2348 738 2424 παρατεταμένην
758 2350 868 2424 μακρὰν
889 2349 982 2426 πόρρω
1004 2350 1084 2416 πάνυ,
1107 2339 1205 2407 dixit:

476 2463 537 2527 oio·
562 2469 616 2528 ὑπὸ
637 2471 689 2547 γάρ
710 2468 785 2544 ἡμῶν
806 2473 955 2547 παρετάθη
981 2475 1029 2528 καὶ
1050 2472 1235 2548 Περικλέους.

374 2582 461 2663 Quae
491 2584 588 2651 verba
620 2592 765 2672 spectant
796 2584 835 2650 ad
866 2585 952 2652 illam
984 2586 1232 2673 expeditionem,
1263 2605 1359 2672 quam

332 2706 541 2774 Athenienses
556 2707 637 2774 duce
652 2707 774 2776 Pericle
790 2710 822 2774 iu
839 2708 1022 2776 seditiosam
1042 2708 1180 2776 insulam
1196 2729 1279 2775 anno
1296 2713 1359 2775 445

330 2839 535 2919 susceperant
557 2829 603 2917 l).
650 2831 752 2898 Simul
787 2833 948 2900 indicatur
983 2834 1078 2900 verbo
1111 2844 1260 2918 παρετάθη
1292 2833 1360 2900 sine

329 2953 425 3022 dubio
440 2953 622 3019 miserrima
642 2955 763 3020 insulae
787 2955 928 3022 devictae
940 2957 1078 3024 conditio
1086 2956 1130 3044 †)‚
1142 2957 1234 3044 cujus
1246 2964 1360 3022 testem

327 3076 398 3142 vide
415 3075 514 3141 Thuc.
531 3073 556 3151 Ι,
575 3079 648 3141 114.

373 3197 461 3262 Alter
485 3195 574 3262 locus
593 3203 642 3262 est
660 3194 741 3282 Equ.
760 3201 846 3276 ⁶282„
861 3198 917 3264 ubi
933 3197 1027 3265 Cleon
1044 3200 1163 3280 dicitur
1178 3221 1240 3268 non
1257 3199 1358 3266 solum

329 3317 472 3406 quotidie
496 3317 582 3386 laute
604 3325 636 3384 et
660 3320 790 3406 opipare
806 3321 839 3384 in
857 3329 1012 3410 prytaneo
1028 3323 1209 3409 sumptibus
1224 3322 1359 3408 publicis

329 3459 478 3516 coenare,
512 3440 567 3506 sed
601 3441 698 3506 etiam
731 3440 770 3506 de
802 3440 864 3506 illis
896 3442 997 3527 epulis
1028 3450 1139 3506 contra
1165 3442 1219 3525 jus
1250 3451 1282 3506 et
1312 3439 1359 3504 las

334 3562 621 3650 exquisitissimum
645 3562 792 3658 quodque
816 3582 926 3630 secum
949 3561 1079 3628 ‹lomum
1102 3561 1195 3636 serre,

542 3683 577 3752 οὗ
597 3694 756 3772 Περικλέης
777 3697 830 3756 οὐκ
850 3693 964 3767 ἠξιώθη
984 3692 1106 3752 πώποτε.

376 3817 460 3887 Ηααα
483 3825 591 3886 autem
613 3818 710 3886 vcrlra
730 3839 793 3886 non
814 3825 1004 3906 argumento
1024 3836 1092 3884 esse
1111 3823 1255 3904 possunt,
1274 3814 1358 3882 Peri·

329 3980 520 3992 ιι-ι-..ι-ιυ

371 4100 398 4164 *)
424 4098 498 4150 Thac.
515 4101 533 4158 l,
550 4098 602 4151 lli.
619 4099 722 4152 Philoch.
739 4119 776 4168 ap.
794 4101 870 4152 Schol.
887 4101 1150 4154 nutriculum.
1167 4102 1233 4160 oron,
1249 4101 1298 4160 llll,
1313 4101 1352 4152 ᾗ.

371 4205 397 4272 i)
424 4203 501 4255 Schol.
517 4211 579 4255 recta
594 4205 694 4271 explicat
715 4201 899 4281 ἒξετραρώθη
920 4207 969 4261 sol
990 4204 1179 4277 κατεπατήθη.
