<?xml version="1.0" encoding="UTF-8"?>
<!DOCTYPE html PUBLIC "-//W3C//DTD XHTML 1.0 Transitional//EN"
    "http://www.w3.org/TR/xhtml1/DTD/xhtml1-transitional.dtd">
<html xmlns="http://www.w3.org/1999/xhtml" xml:lang="en" lang="en">
 <head>
  <title>
</title>
<meta http-equiv="Content-Type" content="text/html;charset=utf-8" />
  <meta name='ocr-system' content='tesseract 3.04.00' />
  <meta name='ocr-capabilities' content='ocr_page ocr_carea ocr_par ocr_line ocrx_word'/>
</head>
<body>
  <div class='ocr_page' id='page_1' title='image "./specimenliterar00voeggoog_0025.png"; bbox 0 0 3168 4950; ppageno 0'>
   <div class='ocr_carea' id='block_1_1' title="bbox 871 503 910 565">
    <p class='ocr_par' dir='ltr' id='par_1_1' title="bbox 871 503 910 565">
     <span class='ocr_line' id='line_1_1' title="bbox 871 503 910 565; baseline 0.026 -1"><span class='ocrx_word' id='word_1_1' title='bbox 871 503 910 565; x_wconf 75' lang='lat'><strong>14</strong></span> 
     </span>
    </p>
   </div>
   <div class='ocr_carea' id='block_1_2' title="bbox 372 687 1399 1142">
    <p class='ocr_par' dir='ltr' id='par_1_2' title="bbox 372 687 1399 896">
     <span class='ocr_line' id='line_1_2' title="bbox 373 687 1399 782; baseline 0.012 -32"><span class='ocrx_word' id='word_1_2' title='bbox 373 687 509 764; x_wconf 87' lang='lat' dir='ltr'><strong>centulo,</strong></span> <span class='ocrx_word' id='word_1_3' title='bbox 524 707 624 773; x_wconf 83' lang='lat' dir='ltr'><strong>quum</strong></span> <span class='ocrx_word' id='word_1_4' title='bbox 641 687 719 753; x_wconf 92' lang='lat' dir='ltr'><strong>nihil</strong></span> <span class='ocrx_word' id='word_1_5' title='bbox 740 687 911 766; x_wconf 77' lang='lat' dir='ltr'><strong>habuisset,</strong></span> <span class='ocrx_word' id='word_1_6' title='bbox 931 709 993 778; x_wconf 85' lang='lat' dir='ltr'><strong>quo</strong></span> <span class='ocrx_word' id='word_1_7' title='bbox 1009 711 1043 758; x_wconf 90' lang='lat' dir='ltr'><strong>se</strong></span> <span class='ocrx_word' id='word_1_8' title='bbox 1059 691 1251 772; x_wconf 80' lang='lat' dir='ltr'><strong>defenderet,</strong></span> <span class='ocrx_word' id='word_1_9' title='bbox 1270 696 1399 782; x_wconf 59' lang='lat' dir='ltr'><strong>mandis</strong></span> 
     </span>
     <span class='ocr_line' id='line_1_3' title="bbox 372 808 790 896; baseline 0.017 -24"><span class='ocrx_word' id='word_1_10' title='bbox 372 815 450 874; x_wconf 89' lang='lat' dir='ltr'><strong>natu</strong></span> <span class='ocrx_word' id='word_1_11' title='bbox 472 808 577 896; x_wconf 88' lang='lat' dir='ltr'><strong>patria</strong></span> <span class='ocrx_word' id='word_1_12' title='bbox 598 809 710 896; x_wconf 92' lang='lat' dir='ltr'><strong>pulsus</strong></span> <span class='ocrx_word' id='word_1_13' title='bbox 732 819 790 879; x_wconf 90' lang='lat' dir='ltr'><strong>est.</strong></span> 
     </span>
    </p>

    <p class='ocr_par' dir='ltr' id='par_1_3' title="bbox 372 927 1397 1142">
     <span class='ocr_line' id='line_1_4' title="bbox 415 927 1397 1018; baseline 0.01 -24"><span class='ocrx_word' id='word_1_14' title='bbox 415 927 508 1018; x_wconf 89' lang='lat' dir='ltr'><strong>Vesp.</strong></span> <span class='ocrx_word' id='word_1_15' title='bbox 530 933 595 997; x_wconf 75' lang='lat'><strong>240</strong></span> <span class='ocrx_word' id='word_1_16' title='bbox 615 951 662 1018; x_wconf 92' lang='lat' dir='ltr'><strong>sq.</strong></span> <span class='ocrx_word' id='word_1_17' title='bbox 684 932 801 999; x_wconf 88' lang='lat' dir='ltr'><strong>chorus</strong></span> <span class='ocrx_word' id='word_1_18' title='bbox 823 943 876 1000; x_wconf 68' lang='lat' dir='ltr'><strong>zor</strong></span> <span class='ocrx_word' id='word_1_19' title='bbox 897 944 1037 1002; x_wconf 67' lang='grc' dir='ltr'><strong>δικαστῶν</strong></span> <span class='ocrx_word' id='word_1_20' title='bbox 1056 938 1089 1002; x_wconf 93' lang='lat' dir='ltr'><strong>in</strong></span> <span class='ocrx_word' id='word_1_21' title='bbox 1112 936 1219 1005; x_wconf 91' lang='lat' dir='ltr'><strong>iorum</strong></span> <span class='ocrx_word' id='word_1_22' title='bbox 1242 939 1281 1006; x_wconf 90' lang='lat' dir='ltr'><strong>ad</strong></span> <span class='ocrx_word' id='word_1_23' title='bbox 1306 941 1397 1006; x_wconf 87' lang='lat' dir='ltr'><strong>sorti·</strong></span> 
     </span>
     <span class='ocr_line' id='line_1_5' title="bbox 372 1053 927 1142; baseline 0.007 -24"><span class='ocrx_word' id='word_1_24' title='bbox 372 1053 491 1118; x_wconf 89' lang='lat' dir='ltr'><strong>tionem</strong></span> <span class='ocrx_word' id='word_1_25' title='bbox 514 1055 757 1142; x_wconf 80' lang='lat' dir='ltr'><strong>properantium</strong></span> <span class='ocrx_word' id='word_1_26' title='bbox 780 1057 825 1122; x_wconf 89' lang='lat' dir='ltr'><strong>ita</strong></span> <span class='ocrx_word' id='word_1_27' title='bbox 847 1056 927 1123; x_wconf 93' lang='lat' dir='ltr'><strong>dicit</strong></span> 
     </span>
    </p>
   </div>
   <div class='ocr_carea' id='block_1_3' title="bbox 362 1177 1394 3953">
    <p class='ocr_par' dir='ltr' id='par_1_4' title="bbox 475 1177 1242 1265">
     <span class='ocr_line' id='line_1_6' title="bbox 475 1177 1242 1265; baseline 0.009 -23"><span class='ocrx_word' id='word_1_28' title='bbox 475 1181 553 1242; x_wconf 73' lang='lat' dir='ltr'><strong>‘Ait’</strong></span> <span class='ocrx_word' id='word_1_29' title='bbox 574 1186 734 1264; x_wconf 76' lang='grc' dir='ltr'><strong><em>ἐγκονῶμεν,</em></strong></span> <span class='ocrx_word' id='word_1_30' title='bbox 758 1177 867 1265; x_wconf 79' lang='grc' dir='ltr'><strong><em>ὦνδρες,</em></strong></span> <span class='ocrx_word' id='word_1_31' title='bbox 888 1185 925 1252; x_wconf 83' lang='grc' dir='ltr'><strong>ὡς</strong></span> <span class='ocrx_word' id='word_1_32' title='bbox 947 1187 1027 1246; x_wconf 76' lang='grc' dir='ltr'><strong><em>ἔσται</em></strong></span> <span class='ocrx_word' id='word_1_33' title='bbox 1049 1192 1159 1262; x_wconf 74' lang='grc' dir='ltr'><em>Λάχητι</em></span> <span class='ocrx_word' id='word_1_34' title='bbox 1181 1199 1242 1249; x_wconf 76' lang='grc' dir='ltr'><strong><em>νυνὶ</em></strong></span> 
     </span>
    </p>

    <p class='ocr_par' dir='ltr' id='par_1_5' title="bbox 473 1308 1264 1511">
     <span class='ocr_line' id='line_1_7' title="bbox 475 1308 1264 1386; baseline 0.008 -22"><span class='ocrx_word' id='word_1_35' title='bbox 475 1308 596 1383; x_wconf 64' lang='grc' dir='ltr'><strong><em>σίμβλον</em></strong></span> <span class='ocrx_word' id='word_1_36' title='bbox 616 1309 648 1365; x_wconf 85' lang='lat' dir='ltr'><strong>de&#39;</strong></span> <span class='ocrx_word' id='word_1_37' title='bbox 669 1330 741 1381; x_wconf 80' lang='grc' dir='ltr'><strong>φασι</strong></span> <span class='ocrx_word' id='word_1_38' title='bbox 762 1313 909 1386; x_wconf 73' lang='grc' dir='ltr'><strong><em>χρημάτων</em></strong></span> <span class='ocrx_word' id='word_1_39' title='bbox 930 1311 1007 1382; x_wconf 75' lang='grc' dir='ltr'><strong><em>ἔχειν</em></strong></span> <span class='ocrx_word' id='word_1_40' title='bbox 1027 1315 1148 1376; x_wconf 76' lang='grc' dir='ltr'><strong><em>ἅπαντες</em></strong></span> <span class='ocrx_word' id='word_1_41' title='bbox 1169 1314 1264 1371; x_wconf 80' lang='grc' dir='ltr'><strong><em>αὐτὸν.</em></strong></span> 
     </span>
     <span class='ocr_line' id='line_1_8' title="bbox 473 1423 1245 1511; baseline 0.006 -25"><span class='ocrx_word' id='word_1_42' title='bbox 473 1425 550 1494; x_wconf 73' lang='grc' dir='ltr'><strong>Χθὲς</strong></span> <span class='ocrx_word' id='word_1_43' title='bbox 573 1423 623 1486; x_wconf 67' lang='grc' dir='ltr'><strong>οὖν</strong></span> <span class='ocrx_word' id='word_1_44' title='bbox 642 1431 740 1487; x_wconf 77' lang='grc' dir='ltr'><strong><em>Κλέων</em></strong></span> <span class='ocrx_word' id='word_1_45' title='bbox 762 1428 777 1487; x_wconf 79' lang='grc' dir='ltr'><em>ὁ</em></span> <span class='ocrx_word' id='word_1_46' title='bbox 798 1429 923 1505; x_wconf 76' lang='grc' dir='ltr'><strong><em>κηδεμὼν</em></strong></span> <span class='ocrx_word' id='word_1_47' title='bbox 938 1430 1004 1507; x_wconf 73' lang='grc' dir='ltr'><strong><em>ἡμῖν</em></strong></span> <span class='ocrx_word' id='word_1_48' title='bbox 1024 1431 1112 1506; x_wconf 76' lang='grc' dir='ltr'><strong><em>ἐφεῖτ’</em></strong></span> <span class='ocrx_word' id='word_1_49' title='bbox 1135 1435 1166 1490; x_wconf 80' lang='grc' dir='ltr'><strong>ἒν</strong></span> <span class='ocrx_word' id='word_1_50' title='bbox 1187 1434 1245 1511; x_wconf 77' lang='grc' dir='ltr'><strong>ὥρᾳ</strong></span> 
     </span>
    </p>

    <p class='ocr_par' dir='ltr' id='par_1_6' title="bbox 472 1549 1167 1632">
     <span class='ocr_line' id='line_1_9' title="bbox 472 1549 1167 1632; baseline 0.006 -25"><span class='ocrx_word' id='word_1_51' title='bbox 472 1549 550 1622; x_wconf 72' lang='grc' dir='ltr'><strong><em>ἥκων</em></strong></span> <span class='ocrx_word' id='word_1_52' title='bbox 570 1551 686 1621; x_wconf 72' lang='grc' dir='ltr'><strong><em>ἔχοντας</em></strong></span> <span class='ocrx_word' id='word_1_53' title='bbox 708 1551 814 1630; x_wconf 75' lang='grc' dir='ltr'><strong><em>ἡμερῶν</em></strong></span> <span class='ocrx_word' id='word_1_54' title='bbox 835 1553 917 1630; x_wconf 66' lang='grc' dir='ltr'><strong><em>ὀργήν</em></strong></span> <span class='ocrx_word' id='word_1_55' title='bbox 938 1555 1023 1630; x_wconf 77' lang='grc' dir='ltr'><strong><em>τριῶν</em></strong></span> <span class='ocrx_word' id='word_1_56' title='bbox 1044 1558 1167 1632; x_wconf 72' lang='grc' dir='ltr'><strong><em>πονηράν</em></strong></span> 
     </span>
    </p>

    <p class='ocr_par' dir='ltr' id='par_1_7' title="bbox 471 1664 1096 1749">
     <span class='ocr_line' id='line_1_10' title="bbox 471 1664 1096 1749; baseline 0.008 -20"><span class='ocrx_word' id='word_1_57' title='bbox 471 1670 515 1729; x_wconf 73' lang='grc' dir='ltr'><strong>ἐπ’</strong></span> <span class='ocrx_word' id='word_1_58' title='bbox 537 1673 623 1730; x_wconf 74' lang='grc' dir='ltr'><strong><em>αὐτὸν</em></strong></span> <span class='ocrx_word' id='word_1_59' title='bbox 643 1672 680 1738; x_wconf 82' lang='grc' dir='ltr'><strong>ὡς</strong></span> <span class='ocrx_word' id='word_1_60' title='bbox 703 1677 875 1749; x_wconf 76' lang='grc' dir='ltr'><strong><em>κολωμένους</em></strong></span> <span class='ocrx_word' id='word_1_61' title='bbox 896 1664 934 1732; x_wconf 80' lang='grc' dir='ltr'><strong>ὧν</strong></span> <span class='ocrx_word' id='word_1_62' title='bbox 955 1675 1096 1748; x_wconf 73' lang='grc' dir='ltr'><strong><em>ἠδίκησεν.</em></strong></span> 
     </span>
    </p>

    <p class='ocr_par' dir='ltr' id='par_1_8' title="bbox 367 1784 1394 2119">
     <span class='ocr_line' id='line_1_11' title="bbox 412 1784 1394 1875; baseline 0.006 -25"><span class='ocrx_word' id='word_1_63' title='bbox 412 1784 460 1850; x_wconf 83' lang='lat' dir='ltr'><strong>Ad</strong></span> <span class='ocrx_word' id='word_1_64' title='bbox 491 1786 574 1853; x_wconf 90' lang='lat' dir='ltr'><strong>idem</strong></span> <span class='ocrx_word' id='word_1_65' title='bbox 601 1787 761 1874; x_wconf 85' lang='lat' dir='ltr'><strong>judicium</strong></span> <span class='ocrx_word' id='word_1_66' title='bbox 792 1797 951 1875; x_wconf 89' lang='lat' dir='ltr'><strong>spectant,</strong></span> <span class='ocrx_word' id='word_1_67' title='bbox 981 1810 1063 1875; x_wconf 89' lang='lat' dir='ltr'><strong>quae</strong></span> <span class='ocrx_word' id='word_1_68' title='bbox 1093 1792 1127 1854; x_wconf 91' lang='lat' dir='ltr'><strong>in</strong></span> <span class='ocrx_word' id='word_1_69' title='bbox 1154 1791 1264 1857; x_wconf 89' lang='lat' dir='ltr'><strong>cadem</strong></span> <span class='ocrx_word' id='word_1_70' title='bbox 1288 1789 1394 1858; x_wconf 87' lang='lat' dir='ltr'><strong>fabula</strong></span> 
     </span>
     <span class='ocr_line' id='line_1_12' title="bbox 367 1907 1394 1998; baseline 0.005 -26"><span class='ocrx_word' id='word_1_71' title='bbox 367 1907 518 1994; x_wconf 77' lang='lat' dir='ltr'><strong>leguntur</strong></span> <span class='ocrx_word' id='word_1_72' title='bbox 550 1908 623 1974; x_wconf 92' lang='lat' dir='ltr'><strong>inde</strong></span> <span class='ocrx_word' id='word_1_73' title='bbox 653 1931 673 1976; x_wconf 92' lang='lat' dir='ltr'><strong>a</strong></span> <span class='ocrx_word' id='word_1_74' title='bbox 702 1930 797 1976; x_wconf 91' lang='lat' dir='ltr'><strong>versu</strong></span> <span class='ocrx_word' id='word_1_75' title='bbox 828 1915 903 1988; x_wconf 82' lang='grc'><strong>894,</strong></span> <span class='ocrx_word' id='word_1_76' title='bbox 936 1910 991 1976; x_wconf 91' lang='lat' dir='ltr'><strong>ubi</strong></span> <span class='ocrx_word' id='word_1_77' title='bbox 1021 1909 1200 1977; x_wconf 89' lang='lat' dir='ltr'><strong>Philocleon</strong></span> <span class='ocrx_word' id='word_1_78' title='bbox 1231 1911 1315 1977; x_wconf 91' lang='lat' dir='ltr'><strong>domi</strong></span> <span class='ocrx_word' id='word_1_79' title='bbox 1340 1913 1394 1998; x_wconf 90' lang='lat' dir='ltr'><strong>jus</strong></span> 
     </span>
     <span class='ocr_line' id='line_1_13' title="bbox 367 2029 1134 2119; baseline 0.003 -23"><span class='ocrx_word' id='word_1_80' title='bbox 367 2029 446 2096; x_wconf 91' lang='lat' dir='ltr'><strong>dicit</strong></span> <span class='ocrx_word' id='word_1_81' title='bbox 468 2032 553 2096; x_wconf 92' lang='lat' dir='ltr'><strong>inter</strong></span> <span class='ocrx_word' id='word_1_82' title='bbox 575 2030 655 2097; x_wconf 91' lang='lat' dir='ltr'><strong>duos</strong></span> <span class='ocrx_word' id='word_1_83' title='bbox 678 2051 782 2098; x_wconf 80' lang='lat' dir='ltr'><strong>canes,</strong></span> <span class='ocrx_word' id='word_1_84' title='bbox 819 2031 972 2098; x_wconf 83' lang='lat' dir='ltr'>Videlicet</span> <span class='ocrx_word' id='word_1_85' title='bbox 993 2042 1134 2119; x_wconf 73' lang='grc' dir='ltr'><strong>ἐγράψατο</strong></span> 
     </span>
    </p>

    <p class='ocr_par' dir='ltr' id='par_1_9' title="bbox 557 2161 1198 2463">
     <span class='ocr_line' id='line_1_14' title="bbox 560 2161 1147 2238; baseline 0.005 -20"><span class='ocrx_word' id='word_1_86' title='bbox 560 2167 632 2220; x_wconf 77' lang='grc' dir='ltr'><strong><em>κύων</em></strong></span> <span class='ocrx_word' id='word_1_87' title='bbox 651 2163 872 2234; x_wconf 75' lang='grc' dir='ltr'><strong>Κυδαθηναιεύς</strong></span> <span class='ocrx_word' id='word_1_88' title='bbox 893 2161 999 2238; x_wconf 74' lang='grc' dir='ltr'><em>Λάβητ’</em></span> <span class='ocrx_word' id='word_1_89' title='bbox 1019 2167 1147 2228; x_wconf 81' lang='grc' dir='ltr'><strong><em>Αἰξωνέα</em></strong></span> 
     </span>
     <span class='ocr_line' id='line_1_15' title="bbox 559 2283 1198 2362; baseline 0.002 -21"><span class='ocrx_word' id='word_1_90' title='bbox 559 2286 606 2341; x_wconf 83' lang='grc' dir='ltr'><strong>τὸν</strong></span> <span class='ocrx_word' id='word_1_91' title='bbox 628 2283 709 2362; x_wconf 79' lang='grc' dir='ltr'><strong><em>τυρὸν</em></strong></span> <span class='ocrx_word' id='word_1_92' title='bbox 730 2284 847 2349; x_wconf 78' lang='grc' dir='ltr'><strong><em>ἀδικεῖν,</em></strong></span> <span class='ocrx_word' id='word_1_93' title='bbox 872 2285 916 2339; x_wconf 82' lang='grc' dir='ltr'><strong>ὅτι</strong></span> <span class='ocrx_word' id='word_1_94' title='bbox 937 2287 1021 2356; x_wconf 78' lang='grc' dir='ltr'><strong><em>μόνος</em></strong></span> <span class='ocrx_word' id='word_1_95' title='bbox 1043 2291 1198 2358; x_wconf 76' lang='grc' dir='ltr'><strong><em>κατήσθιεν</em></strong></span> 
     </span>
     <span class='ocr_line' id='line_1_16' title="bbox 557 2406 786 2463; baseline -0.004 -1"><span class='ocrx_word' id='word_1_96' title='bbox 557 2409 605 2463; x_wconf 82' lang='grc' dir='ltr'><strong>τόν</strong></span> <span class='ocrx_word' id='word_1_97' title='bbox 624 2406 786 2462; x_wconf 78' lang='grc' dir='ltr'><strong><em>Σικελικόν.</em></strong></span> 
     </span>
    </p>

    <p class='ocr_par' dir='ltr' id='par_1_10' title="bbox 362 2517 1390 3953">
     <span class='ocr_line' id='line_1_17' title="bbox 409 2517 1390 2603; baseline 0.002 -19"><span class='ocrx_word' id='word_1_98' title='bbox 409 2517 476 2600; x_wconf 86' lang='lat' dir='ltr'><strong>Quo</strong></span> <span class='ocrx_word' id='word_1_99' title='bbox 508 2519 576 2584; x_wconf 89' lang='lat' dir='ltr'><strong>loco</strong></span> <span class='ocrx_word' id='word_1_100' title='bbox 607 2517 731 2584; x_wconf 92' lang='lat' dir='ltr'><strong>nullum</strong></span> <span class='ocrx_word' id='word_1_101' title='bbox 762 2519 842 2594; x_wconf 88' lang='lat' dir='ltr'><strong>scio,</strong></span> <span class='ocrx_word' id='word_1_102' title='bbox 880 2517 935 2602; x_wconf 89' lang='lat' dir='ltr'><strong>qui</strong></span> <span class='ocrx_word' id='word_1_103' title='bbox 966 2518 1069 2603; x_wconf 88' lang='lat' dir='ltr'><strong>aptior</strong></span> <span class='ocrx_word' id='word_1_104' title='bbox 1100 2519 1143 2583; x_wconf 89' lang='lat' dir='ltr'><strong>sit</strong></span> <span class='ocrx_word' id='word_1_105' title='bbox 1173 2525 1205 2584; x_wconf 90' lang='lat' dir='ltr'><strong>et</strong></span> <span class='ocrx_word' id='word_1_106' title='bbox 1235 2518 1274 2585; x_wconf 89' lang='lat' dir='ltr'><strong>ad</strong></span> <span class='ocrx_word' id='word_1_107' title='bbox 1304 2521 1390 2586; x_wconf 91' lang='lat' dir='ltr'><strong>risus</strong></span> 
     </span>
     <span class='ocr_line' id='line_1_18' title="bbox 364 2639 1389 2728; baseline 0 -19"><span class='ocrx_word' id='word_1_108' title='bbox 364 2640 536 2709; x_wconf 87' lang='lat' dir='ltr'><strong>movendos</strong></span> <span class='ocrx_word' id='word_1_109' title='bbox 558 2647 590 2706; x_wconf 88' lang='lat' dir='ltr'><strong>et</strong></span> <span class='ocrx_word' id='word_1_110' title='bbox 610 2640 705 2706; x_wconf 91' lang='lat' dir='ltr'><strong>simul</strong></span> <span class='ocrx_word' id='word_1_111' title='bbox 725 2639 764 2706; x_wconf 92' lang='lat' dir='ltr'><strong>ad</strong></span> <span class='ocrx_word' id='word_1_112' title='bbox 781 2659 879 2724; x_wconf 87' lang='lat' dir='ltr'><strong>prava</strong></span> <span class='ocrx_word' id='word_1_113' title='bbox 895 2639 979 2705; x_wconf 89' lang='lat' dir='ltr'><strong>iacta</strong></span> <span class='ocrx_word' id='word_1_114' title='bbox 998 2640 1202 2706; x_wconf 80' lang='lat' dir='ltr'><strong>acerbissime</strong></span> <span class='ocrx_word' id='word_1_115' title='bbox 1221 2642 1389 2728; x_wconf 89' lang='lat' dir='ltr'><strong>carpenda.</strong></span> 
     </span>
     <span class='ocr_line' id='line_1_19' title="bbox 363 2761 1390 2849; baseline -0.002 -19"><span class='ocrx_word' id='word_1_116' title='bbox 363 2763 483 2833; x_wconf 83' lang='lat' dir='ltr'><strong>Laches</strong></span> <span class='ocrx_word' id='word_1_117' title='bbox 515 2765 636 2831; x_wconf 90' lang='lat' dir='ltr'><strong>scilicet</strong></span> <span class='ocrx_word' id='word_1_118' title='bbox 666 2771 877 2832; x_wconf 72' lang='lat' dir='ltr'><strong>ductardnov</strong></span> <span class='ocrx_word' id='word_1_119' title='bbox 905 2783 981 2828; x_wconf 89' lang='lat' dir='ltr'><strong>cum</strong></span> <span class='ocrx_word' id='word_1_120' title='bbox 1009 2761 1187 2828; x_wconf 71' lang='lat' dir='ltr'><strong>charoeade</strong></span> <span class='ocrx_word' id='word_1_121' title='bbox 1210 2761 1327 2849; x_wconf 83' lang='lat' dir='ltr'><strong>collega</strong></span> <span class='ocrx_word' id='word_1_122' title='bbox 1349 2763 1390 2829; x_wconf 92' lang='lat' dir='ltr'><strong>ad</strong></span> 
     </span>
     <span class='ocr_line' id='line_1_20' title="bbox 364 2884 1388 2970; baseline -0.005 -15"><span class='ocrx_word' id='word_1_123' title='bbox 364 2887 459 2954; x_wconf 88' lang='lat' dir='ltr'><strong>finem</strong></span> <span class='ocrx_word' id='word_1_124' title='bbox 483 2888 614 2954; x_wconf 88' lang='lat' dir='ltr'><strong>aestatis</strong></span> <span class='ocrx_word' id='word_1_125' title='bbox 633 2888 709 2952; x_wconf 89' lang='lat' dir='ltr'><strong>anni</strong></span> <span class='ocrx_word' id='word_1_126' title='bbox 729 2889 792 2950; x_wconf 73' lang='lat' dir='ltr'><strong>ihi</strong></span> <span class='ocrx_word' id='word_1_127' title='bbox 813 2906 888 2951; x_wconf 92' lang='lat' dir='ltr'><strong>cum</strong></span> <span class='ocrx_word' id='word_1_128' title='bbox 908 2886 1022 2970; x_wconf 86' lang='lat' dir='ltr'><strong>viginti</strong></span> <span class='ocrx_word' id='word_1_129' title='bbox 1042 2884 1176 2951; x_wconf 86' lang='lat' dir='ltr'><strong>navibus</strong></span> <span class='ocrx_word' id='word_1_130' title='bbox 1196 2885 1337 2950; x_wconf 83' lang='lat' dir='ltr'><strong>mittitur</strong></span> <span class='ocrx_word' id='word_1_131' title='bbox 1354 2887 1388 2950; x_wconf 92' lang='lat' dir='ltr'><strong>in</strong></span> 
     </span>
     <span class='ocr_line' id='line_1_21' title="bbox 366 3005 1388 3094; baseline -0.008 -17"><span class='ocrx_word' id='word_1_132' title='bbox 366 3009 506 3078; x_wconf 89' lang='lat' dir='ltr'><strong>Siciliam</strong></span> <span class='ocrx_word' id='word_1_133' title='bbox 540 3008 702 3075; x_wconf 84' lang='lat' dir='ltr'><strong>Leontinis</strong></span> <span class='ocrx_word' id='word_1_134' title='bbox 733 3007 850 3074; x_wconf 80' lang='lat' dir='ltr'><strong>auxilio</strong></span> <span class='ocrx_word' id='word_1_135' title='bbox 880 3006 927 3094; x_wconf 65' lang='lat' dir='ltr'><strong>l).</strong></span> <span class='ocrx_word' id='word_1_136' title='bbox 973 3007 1065 3072; x_wconf 89' lang='lat' dir='ltr'><strong>Brevi</strong></span> <span class='ocrx_word' id='word_1_137' title='bbox 1095 3014 1167 3091; x_wconf 94' lang='lat' dir='ltr'><strong>post</strong></span> <span class='ocrx_word' id='word_1_138' title='bbox 1192 3005 1388 3070; x_wconf 83' lang='lat' dir='ltr'><strong>Lharoeades</strong></span> 
     </span>
     <span class='ocr_line' id='line_1_22' title="bbox 362 3123 1386 3214; baseline -0.012 -16"><span class='ocrx_word' id='word_1_139' title='bbox 362 3132 519 3200; x_wconf 90' lang='lat' dir='ltr'><strong>occiditur</strong></span> <span class='ocrx_word' id='word_1_140' title='bbox 538 3139 570 3197; x_wconf 89' lang='lat' dir='ltr'><strong>et</strong></span> <span class='ocrx_word' id='word_1_141' title='bbox 588 3129 708 3197; x_wconf 86' lang='lat' dir='ltr'><strong>Laches</strong></span> <span class='ocrx_word' id='word_1_142' title='bbox 729 3129 814 3195; x_wconf 93' lang='lat' dir='ltr'><strong>solus</strong></span> <span class='ocrx_word' id='word_1_143' title='bbox 830 3129 1000 3214; x_wconf 91' lang='lat' dir='ltr'><strong>imperium</strong></span> <span class='ocrx_word' id='word_1_144' title='bbox 1019 3126 1139 3190; x_wconf 87' lang='lat' dir='ltr'><strong>obtinet</strong></span> <span class='ocrx_word' id='word_1_145' title='bbox 1159 3124 1256 3188; x_wconf 89' lang='lat' dir='ltr'><strong>donec</strong></span> <span class='ocrx_word' id='word_1_146' title='bbox 1272 3123 1386 3210; x_wconf 79' lang='lat' dir='ltr'><strong>Pytho-</strong></span> 
     </span>
     <span class='ocr_line' id='line_1_23' title="bbox 362 3241 1386 3338; baseline -0.011 -17"><span class='ocrx_word' id='word_1_147' title='bbox 362 3255 460 3321; x_wconf 91' lang='lat' dir='ltr'><strong>dorus</strong></span> <span class='ocrx_word' id='word_1_148' title='bbox 475 3253 580 3320; x_wconf 87' lang='lat' dir='ltr'><strong>hieme</strong></span> <span class='ocrx_word' id='word_1_149' title='bbox 592 3254 667 3320; x_wconf 85' lang='lat' dir='ltr'><strong>anni</strong></span> <span class='ocrx_word' id='word_1_150' title='bbox 679 3252 841 3338; x_wconf 85' lang='lat' dir='ltr'><strong>sequentis</strong></span> <span class='ocrx_word' id='word_1_151' title='bbox 855 3249 995 3316; x_wconf 88' lang='lat' dir='ltr'><strong>mittitur</strong></span> <span class='ocrx_word' id='word_1_152' title='bbox 1007 3264 1156 3312; x_wconf 90' lang='lat' dir='ltr'><strong>succesor</strong></span> <span class='ocrx_word' id='word_1_153' title='bbox 1166 3241 1212 3332; x_wconf 64' lang='lat' dir='ltr'><strong>i).</strong></span> <span class='ocrx_word' id='word_1_154' title='bbox 1239 3241 1264 3308; x_wconf 87' lang='grc' dir='ltr'>Ε</span> <span class='ocrx_word' id='word_1_155' title='bbox 1280 3241 1386 3310; x_wconf 85' lang='lat' dir='ltr'><strong>Sicilia</strong></span> 
     </span>
     <span class='ocr_line' id='line_1_24' title="bbox 362 3366 1386 3454; baseline -0.013 -10"><span class='ocrx_word' id='word_1_156' title='bbox 362 3397 510 3444; x_wconf 89' lang='lat' dir='ltr'><strong>reversus</strong></span> <span class='ocrx_word' id='word_1_157' title='bbox 532 3376 659 3443; x_wconf 90' lang='lat' dir='ltr'><strong>videtur</strong></span> <span class='ocrx_word' id='word_1_158' title='bbox 682 3397 701 3445; x_wconf 89' lang='lat' dir='ltr'><strong>a</strong></span> <span class='ocrx_word' id='word_1_159' title='bbox 723 3374 835 3441; x_wconf 85' lang='lat' dir='ltr'><strong>Cicone</strong></span> <span class='ocrx_word' id='word_1_160' title='bbox 858 3378 1028 3439; x_wconf 86' lang='lat' dir='ltr'><strong>accusatus</strong></span> <span class='ocrx_word' id='word_1_161' title='bbox 1049 3388 1127 3446; x_wconf 88' lang='lat' dir='ltr'><strong>esse,</strong></span> <span class='ocrx_word' id='word_1_162' title='bbox 1143 3366 1226 3454; x_wconf 88' lang='lat' dir='ltr'><strong>quod</strong></span> <span class='ocrx_word' id='word_1_163' title='bbox 1241 3368 1386 3454; x_wconf 76' lang='lat' dir='ltr'><strong>ingentes</strong></span> 
     </span>
     <span class='ocr_line' id='line_1_25' title="bbox 362 3484 1384 3587; baseline -0.01 -20"><span class='ocrx_word' id='word_1_164' title='bbox 362 3501 422 3567; x_wconf 91' lang='lat' dir='ltr'><strong>sihi</strong></span> <span class='ocrx_word' id='word_1_165' title='bbox 443 3519 518 3587; x_wconf 92' lang='lat' dir='ltr'><strong>opes</strong></span> <span class='ocrx_word' id='word_1_166' title='bbox 533 3499 639 3566; x_wconf 84' lang='lat' dir='ltr'><strong>inille</strong></span> <span class='ocrx_word' id='word_1_167' title='bbox 657 3497 854 3584; x_wconf 86' lang='lat' dir='ltr'><strong>expeditione</strong></span> <span class='ocrx_word' id='word_1_168' title='bbox 866 3484 1014 3582; x_wconf 89' lang='lat' dir='ltr'><strong>pessimis</strong></span> <span class='ocrx_word' id='word_1_169' title='bbox 1025 3492 1149 3559; x_wconf 86' lang='lat' dir='ltr'><strong>artibus</strong></span> <span class='ocrx_word' id='word_1_170' title='bbox 1161 3499 1384 3578; x_wconf 88' lang='lat' dir='ltr'><strong>comparasset.</strong></span> 
     </span>
     <span class='ocr_line' id='line_1_26' title="bbox 363 3612 1385 3708; baseline -0.011 -19"><span class='ocrx_word' id='word_1_171' title='bbox 363 3621 465 3703; x_wconf 81' lang='lat' dir='ltr'><strong>Quam</strong></span> <span class='ocrx_word' id='word_1_172' title='bbox 502 3621 716 3708; x_wconf 87' lang='lat' dir='ltr'><strong>suspicionem</strong></span> <span class='ocrx_word' id='word_1_173' title='bbox 747 3636 848 3704; x_wconf 90' lang='lat' dir='ltr'><strong>neque</strong></span> <span class='ocrx_word' id='word_1_174' title='bbox 879 3638 897 3684; x_wconf 89' lang='lat' dir='ltr'><strong>a</strong></span> <span class='ocrx_word' id='word_1_175' title='bbox 922 3615 1106 3705; x_wconf 83' lang='lat' dir='ltr'><strong>Thucydide</strong></span> <span class='ocrx_word' id='word_1_176' title='bbox 1130 3632 1232 3700; x_wconf 86' lang='lat' dir='ltr'><strong>neque</strong></span> <span class='ocrx_word' id='word_1_177' title='bbox 1255 3613 1294 3679; x_wconf 86' lang='lat' dir='ltr'><strong>ah</strong></span> <span class='ocrx_word' id='word_1_178' title='bbox 1313 3612 1385 3680; x_wconf 84' lang='lat' dir='ltr'><strong>alio</strong></span> 
     </span>
     <span class='ocr_line' id='line_1_27' title="bbox 366 3734 1385 3825; baseline -0.012 -13"><span class='ocrx_word' id='word_1_179' title='bbox 366 3743 589 3812; x_wconf 87' lang='lat' dir='ltr'><strong>confirmatam</strong></span> <span class='ocrx_word' id='word_1_180' title='bbox 613 3741 714 3808; x_wconf 87' lang='lat' dir='ltr'><strong>video.</strong></span> <span class='ocrx_word' id='word_1_181' title='bbox 739 3741 888 3806; x_wconf 83' lang='lat' dir='ltr'><strong>Attamen</strong></span> <span class='ocrx_word' id='word_1_182' title='bbox 904 3738 1132 3825; x_wconf 82' lang='lat' dir='ltr'><strong>Aristophanes</strong></span> <span class='ocrx_word' id='word_1_183' title='bbox 1150 3737 1183 3802; x_wconf 93' lang='lat' dir='ltr'><strong>in</strong></span> <span class='ocrx_word' id='word_1_184' title='bbox 1199 3734 1252 3801; x_wconf 91' lang='lat' dir='ltr'><strong>illo</strong></span> <span class='ocrx_word' id='word_1_185' title='bbox 1264 3734 1385 3822; x_wconf 89' lang='lat' dir='ltr'><strong>judicio</strong></span> 
     </span>
     <span class='ocr_line' id='line_1_28' title="bbox 363 3858 1384 3953; baseline -0.012 -19"><span class='ocrx_word' id='word_1_186' title='bbox 363 3887 432 3934; x_wconf 90' lang='lat' dir='ltr'><strong>rem</strong></span> <span class='ocrx_word' id='word_1_187' title='bbox 457 3868 502 3935; x_wconf 89' lang='lat' dir='ltr'><strong>ita</strong></span> <span class='ocrx_word' id='word_1_188' title='bbox 524 3867 681 3953; x_wconf 88' lang='lat' dir='ltr'><strong>proponit,</strong></span> <span class='ocrx_word' id='word_1_189' title='bbox 703 3871 741 3930; x_wconf 92' lang='lat' dir='ltr'><strong>ut</strong></span> <span class='ocrx_word' id='word_1_190' title='bbox 761 3863 871 3940; x_wconf 89' lang='lat' dir='ltr'><strong>Lahes,</strong></span> <span class='ocrx_word' id='word_1_191' title='bbox 891 3863 947 3950; x_wconf 87' lang='lat' dir='ltr'><strong>qui</strong></span> <span class='ocrx_word' id='word_1_192' title='bbox 967 3864 1095 3929; x_wconf 90' lang='lat' dir='ltr'><strong>nomine</strong></span> <span class='ocrx_word' id='word_1_193' title='bbox 1109 3859 1211 3948; x_wconf 87' lang='lat' dir='ltr'><strong>lepide</strong></span> <span class='ocrx_word' id='word_1_194' title='bbox 1227 3858 1300 3924; x_wconf 88' lang='lat' dir='ltr'><strong>ficto</strong></span> <span class='ocrx_word' id='word_1_195' title='bbox 1316 3859 1384 3923; x_wconf 90' lang='lat' dir='ltr'><strong>sine</strong></span> 
     </span>
    </p>
   </div>
   <div class='ocr_carea' id='block_1_4' title="bbox 399 4162 641 4322">
    <p class='ocr_par' dir='ltr' id='par_1_11' title="bbox 399 4162 641 4322">
     <span class='ocr_line' id='line_1_29' title="bbox 400 4162 629 4229; baseline -0.004 -17"><span class='ocrx_word' id='word_1_196' title='bbox 400 4162 629 4229; x_wconf 62' lang='lat' dir='ltr'><strong>omma</strong></span> 
     </span>
     <span class='ocr_line' id='line_1_30' title="bbox 399 4255 641 4322; baseline -0.004 -13"><span class='ocrx_word' id='word_1_197' title='bbox 399 4263 424 4322; x_wconf 77' lang='lat' dir='ltr'><strong>p</strong></span> <span class='ocrx_word' id='word_1_198' title='bbox 442 4258 516 4310; x_wconf 69' lang='grc' dir='ltr'><strong>τωο.</strong></span> <span class='ocrx_word' id='word_1_199' title='bbox 531 4257 572 4317; x_wconf 86' lang='lat' dir='ltr'><strong>m,</strong></span> <span class='ocrx_word' id='word_1_200' title='bbox 587 4255 641 4308; x_wconf 77' lang='lat' dir='ltr'><strong>rte.</strong></span> 
     </span>
    </p>
   </div>
   <div class='ocr_carea' id='block_1_5' title="bbox 0 0 1588 4950">
    <p class='ocr_par' dir='ltr' id='par_1_12' title="bbox 0 0 1588 4950">
     <span class='ocr_line' id='line_1_31' title="bbox 0 0 1588 4950; baseline 0 5"><span class='ocrx_word' id='word_1_201' title='bbox 0 0 1588 4950; x_wconf 95' lang='lat' dir='ltr'><strong> </strong></span> 
     </span>
    </p>
   </div>
  </div>
 </body>
</html>
