3168 4950
846 467 887 530 16

392 647 481 737 Quod
504 661 667 744 praeterea
689 653 729 722 ad
747 653 894 722 Lachetis
913 657 1079 741 ingenium
1099 663 1131 723 ct
1142 673 1248 724 mores
1259 659 1375 726 attinet

347 796 421 844 curn
456 776 666 863 Aristophane
700 775 844 843 conteras
878 775 1018 843 Platonis
1050 777 1089 844 de
1119 775 1172 844 illo
1199 777 1375 864 iudicium,

346 898 431 986 quod
454 899 600 985 exposuit
622 895 725 964 Groen
749 917 810 964 van
833 897 1024 976 Priusterer‚
1044 898 1232 988 Prosopogr.
1252 901 1373 968 Platon.

347 1042 417 1110 pag.
441 1023 502 1087 tte
528 1040 576 1108 sq.

391 1143 484 1209 Cleon
508 1144 671 1230 ceterique
693 1143 780 1209 illius
803 1145 957 1230 temporis
976 1142 1143 1231 demagogi
1162 1145 1210 1212 vel
1231 1147 1376 1213 rhetores

345 1285 382 1333 co
411 1265 613 1353 potissimum
644 1284 735 1330 suam
759 1265 984 1332 auctoritatem
1012 1285 1141 1332 servare
1164 1268 1373 1346 conabantur,

348 1397 384 1456 ut
403 1387 549 1454 credulae
568 1385 650 1475 plebi
671 1393 835 1454 moverent
856 1387 975 1464 odium,
992 1387 1147 1456 invidiam
1166 1397 1198 1454 et
1215 1391 1376 1477 imprimis

348 1511 562 1598 suspicionem
581 1507 761 1576 Laconismi
777 1510 811 1574 in
823 1509 1022 1576 adversarios
1036 1530 1120 1576 suos.
1151 1510 1239 1578 Unde
1254 1511 1375 1580 lactum

347 1639 410 1710 est,
447 1638 484 1696 ut
515 1633 554 1710 ii,
584 1632 639 1718 qui
669 1638 725 1698 aut
755 1651 865 1718 paoem
908 1632 1069 1699 suadendo
1100 1641 1156 1700 aut
1190 1634 1291 1702 multa
1324 1635 1376 1700 illa

347 1753 560 1822 democratiae
578 1755 657 1822 vitia
676 1754 935 1842 reprehendendo
958 1755 1020 1821 illis
1035 1755 1197 1824 adversari
1212 1757 1375 1834 auderent,

348 1878 485 1964 pessime
508 1877 657 1944 audirent
680 1885 712 1944 et
735 1897 798 1943 uon
822 1876 914 1943 facile
937 1895 1034 1964 grave
1057 1877 1134 1942 illud
1149 1877 1329 1944 haconismi
1344 1887 1376 1946 ct

351 1999 539 2088 proditionis
562 2001 684 2066 crimen
709 2000 894 2086 cllugerent.
925 1993 1024 2086 nujus
1042 1999 1090 2064 rel
1109 1995 1289 2086 exemplum
1304 2000 1376 2066 vide

348 2123 442 2211 Vesp.
467 2125 547 2199 474,
585 2123 640 2188 uhi
671 2121 788 2186 chorus
818 2119 997 2208 Vesperum
1031 2120 1285 2210 Bdelycleonem,
1320 2123 1376 2210 qui

349 2253 472 2334 patrem
502 2240 668 2308 retinendo
698 2240 860 2329 professus
890 2251 990 2319 esset,
1021 2262 1055 2308 so
1085 2244 1217 2309 minime
1242 2243 1377 2330 probare

349 2370 445 2434 istam
472 2364 554 2431 male
583 2383 693 2430 sanam
724 2370 756 2427 et
785 2381 916 2448 pravam
945 2363 1029 2448 juris
1055 2362 1181 2429 dicendi
1204 2366 1377 2443 rationem,

350 2489 459 2555 statim
481 2487 532 2551 his
555 2485 706 2552 conviciis
728 2484 824 2571 petit:

482 2657 538 2709 Σοὶ
562 2653 667 2730 λόγους,
689 2640 711 2706 ὦ
731 2649 872 2726 μισόδημο
893 2654 942 2704 καὶ
963 2655 1118 2726 μοναρχίας
1140 2650 1218 2726 ἐρῶν,

484 2774 532 2825 καὶ
554 2767 641 2836 ξυνών
659 2765 791 2846 Βρασίδᾳ
812 2765 871 2820 κτλ.

350 3063 434 3137 εἶναι,
452 3070 567 3129 τούτους
585 3064 751 3139 ἀποστερεῖν
767 3059 911 3137 ἐπιχειρεῖ
931 3066 1036 3132 ταύτης
1055 3067 1102 3132 τῆς
1118 3067 1209 3134 τιμὴς.
1235 3063 1277 3114 Cui
1293 3067 1378 3116 Nicias:

350 3184 458 3242 Οὔκουν
480 3181 570 3260 ἔγωγε,
593 3166 615 3234 ὧ
635 3180 742 3248 Λάχης,
763 3176 835 3232 ἀλλὰ
855 3177 967 3251 θάρρει·
992 3178 1064 3248 φημὶ
1086 3175 1138 3251 γάρ
1152 3194 1187 3230 oe
1202 3163 1278 3229 εἶναι
1289 3174 1379 3245 σοφόν

352 3306 399 3356 acl
422 3298 557 3374 Λάμαχόν
577 3315 617 3374 γε,
640 3295 669 3351 ei
689 3294 741 3371 πέρ
762 3291 826 3348 ε’στε
851 3289 986 3366 ἀνδρεῖοι,
1008 3293 1056 3345 καὶ
1085 3285 1187 3354 ἄλλους
1207 3309 1238 3368 γε
1258 3289 1379 3359 συχνούς

352 3415 524 3485 Ἀθηναίων.

390 3524 478 3574 Laches
493 3534 582 3575 verone,
599 3533 628 3568 ne
644 3516 817 3566 maledicentiae
832 3515 920 3564 crimen
936 3521 1031 3572 mereat,
1040 3514 1099 3564 nihil
1108 3513 1157 3564 vult
1174 3514 1270 3566 adhaec
1277 3523 1376 3580 mepan-

355 3632 417 3687 derc.
433 3629 524 3679 diceus:
546 3614 636 3676 Οὐδὲν
654 3617 708 3693 ἐρῶ
728 3616 798 3692 πρὸς
819 3622 917 3684 ταῦτα,
939 3615 1011 3685 ἔχων
1027 3618 1128 3682 εἰπεῖν,
1151 3614 1198 3671 ἵνα
1214 3617 1253 3689 μή
1272 3635 1308 3691 pc
1326 3621 1380 3688 φῇς

353 3738 389 3802 ὡς
411 3735 524 3808 ἀληθῶς
544 3732 671 3796 Αἰξωνέα
690 3721 775 3798 εἶναι,
798 3738 822 3787 id
847 3743 891 3796 eet,
915 3749 962 3788 non
986 3748 1068 3801 genere
1092 3743 1192 3796 uotum,
1218 3737 1259 3788 aed
1284 3738 1377 3801 iugenio

355 3869 455 3924 quoqne.
486 3853 548 3916 Quae
572 3854 694 3920 explicatio
720 3853 818 3903 debetur
842 3847 985 3904 scholiastae
1007 3853 1036 3903 ad
1061 3853 1123 3902 hunc
1149 3851 1236 3903 locum:
1259 3835 1405 3908 Aldurlr'

353 3968 439 4040 δῆμος
459 3963 645 4041 Κεκροπίδας,
669 3965 716 4016 aet
738 3963 875 4025 Αἰξωνεῑς
898 3963 926 4018 ol
947 3960 1070 4029 aaaron,
1097 3961 1196 4022 disci
1218 3958 1381 4032 βλάσφημοι

353 4081 550 4156 ἔπωμῳδοῦντα
566 4071 651 4133 εἶναι·
672 4073 738 4154 παρ’
750 4077 766 4133 ὃ
780 4081 829 4132 recl
843 4079 1050 4140 αἰξωνεύεσθαί
1064 4095 1137 4148 φασι
1149 4073 1181 4130 τὸ
1192 4072 1379 4150 dicaveram·

356 4199 372 4255 d
393 4200 440 4250 eat
462 4192 478 4266 ἡ
499 4191 667 4262 Πλατωνικοὶ
687 4193 770 4272 ρ’ῆσις
790 4192 882 4270 deplet,
