3168 4950
720 484 741 558 l

98 759 100 764 ,
211 683 289 750 illud
314 683 480 773 Spartanis
510 682 686 772 opitulandi
709 683 879 750 consilium
902 682 1060 750 adducere
1088 683 1239 771 potuisse,

211 825 315 894 neque
337 807 546 874 Plutarchum
569 806 698 872 credam
721 825 865 891 unquam
888 806 948 872 sihi
971 804 1164 894 persuadere
1186 825 1239 892 pc

212 930 325 1008 tuisse,
341 929 422 997 duas
437 929 537 996 lactas
549 949 618 998 esse
630 928 857 1016 expeditiones.
873 927 1001 1015 Integra
1016 929 1118 1016 igitur
1132 935 1241 994 manet

213 1052 410 1141 Thucydidis
432 1053 617 1130 auctoritas,
634 1051 757 1118 scilicet
773 1050 871 1116 semel
890 1059 1016 1117 tautum
1036 1060 1131 1138 atque
1147 1071 1241 1137 aegre

211 1167 378 1242 Cimonem
397 1177 601 1263 impetrasse,
624 1182 661 1240 ut
685 1175 879 1251 mitteretur,
905 1173 1001 1260 idque
1024 1195 1087 1240 non
1114 1175 1240 1252 statim,

211 1315 312 1384 quum
334 1296 451 1364 bellum
474 1298 654 1384 irrupisset,
684 1294 739 1361 sed
767 1303 845 1362 tunc
877 1294 1006 1361 demum
1042 1303 1151 1369 da...
1174 1305 1238 1382 ipp-

211 1433 311 1487 ae'narc
339 1429 355 1486 d
379 1429 514 1504 πόλεμος,
542 1419 565 1487 ia
590 1438 618 1486 θ.
657 1437 757 1504 quum
792 1417 900 1484 1108168
939 1419 1007 1504 jam
1044 1417 1241 1505 aliquamdiu

211 1541 355 1608 lthnmen
388 1542 610 1608 strenuissime
641 1540 846 1608 defenderent
873 1549 905 1607 et
932 1541 1096 1608 videretur
1122 1542 1240 1610 hellum

211 1664 397 1731 dinturnius
427 1664 510 1742 lore,
541 1685 616 1730 nam
643 1665 721 1731 haec
743 1664 856 1752 opinor
878 1672 927 1730 est
950 1665 1036 1731 illius
1058 1664 1240 1754 Imperleeti

211 1787 412 1874 significatio.

255 1908 345 1989 Quod
369 1909 408 1976 ad
432 1908 586 1976 Periclem
610 1909 725 1974 attinet
747 1923 850 1996 panca
873 1907 1043 1987 sufficiant,
1059 1929 1134 1976 nam
1149 1910 1240 1977 video

207 2033 275 2119 jam
298 2033 395 2099 aliurn
419 2033 453 2098 in
476 2034 649 2120 specimine
672 2051 730 2098 suo
754 2031 934 2118 inaugurali
957 2031 996 2097 de
1018 2031 1071 2098 illo
1092 2031 1240 2122 egisse*)

210 2154 378 2242 Excerpsit
394 2154 446 2221 hic
464 2175 502 2220 ex
518 2154 729 2241 Aristophane
745 2154 830 2220 locos
845 2161 922 2232 tres
937 2153 1075 2223 Acharn.
1090 2159 1153 2222 668
1170 2177 1241 2243 sqq.

210 2277 250 2344 de
279 2277 402 2344 Pericle
430 2277 503 2343 helli
526 2276 630 2364 Pelop.
654 2284 784 2343 auctore
807 2277 937 2356 scilicet,
961 2278 1033 2345 Pac.
1058 2281 1133 2346 606.
1170 2299 1239 2366 sqq.

210 2400 248 2466 dc
273 2401 453 2486 suspicione
477 2398 566 2476 lurti,
590 2398 683 2485 cujus
702 2398 831 2465 Phidias
851 2408 1021 2486 accusatus
1040 2409 1089 2466 est
1107 2409 1139 2467 et
1154 2401 1239 2467 Peri-

87 2546 91 2554 ·
209 2523 273 2588 oles
290 2523 437 2588 conscius
453 2520 552 2587 luisse
568 2520 744 2587 dicebatur.
770 2521 898 2588 Tertius
909 2523 999 2589 locus
1010 2531 1059 2590 est
1070 2523 1151 2590 Nuh.
1164 2529 1238 2592 ata:

395 2654 489 2731 ὥσπερ
509 2653 668 2731 Περικλέης
688 2657 731 2718 εἰς
752 2655 785 2711 τὸ
805 2653 871 2711 δέον
890 2654 1024 2713 ἀπώλεσα

210 2766 280 2856 (pro
306 2765 461 2853 dvalona),
491 2787 573 2854 quae
603 2769 700 2834 verha
730 2767 920 2834 conferenda
950 2777 1025 2835 sunt
1057 2789 1132 2836 cum
1154 2771 1237 2840 Plut.

208 2890 321 2960 Pericl.
337 2913 366 2958 c.
392 2895 445 2958 15.
476 2898 508 2957 et
538 2911 556 2957 e
586 2891 703 2978 quihus
733 2898 782 2956 est
813 2891 969 2980 colligere,
1000 2896 1155 2978 quantum
1186 2894 1238 2960 ille

208 3015 408 3080 auctoritatis
428 3021 460 3080 et
471 3015 639 3101 potentiae,
651 3015 732 3095 utin
747 3013 951 3094 democratia,
964 3017 995 3081 in
1011 3035 1044 3082 se
1055 3017 1237 3096 contulerit,

208 3139 254 3203 ita
283 3145 320 3202 ut
352 3136 555 3226 Thucydides
585 3134 617 3224 †)
650 3156 713 3202 non
745 3136 864 3224 injuria
894 3137 933 3204 da
958 3139 1009 3204 illo
1033 3139 1237 3226 lleipuhlicae

208 3266 295 3325 8111111
318 3258 423 3325 dicere
446 3267 568 3346 possed:
594 3267 720 3346 ἐγίγνετό
740 3291 771 3327 ra
792 3271 864 3348 λόγῳ
884 3267 936 3345 μὲν
956 3273 1144 3349 δηποκρατὶα,
1168 3272 1237 3354 d'pyp

207 3387 240 3448 dd
260 3392 316 3450 dud
336 3398 387 3450 τοῦ
409 3390 522 3468 πρώτου
541 3390 643 3468 ἀνδρὸς
664 3391 746 3469 ἀρχή.
788 3381 849 3449 Sed
880 3383 932 3450 11111
960 3389 1102 3473 pudentia
1124 3385 1237 3468 1161118,

207 3525 402 3593 quamquam
424 3505 605 3573 libertatem
627 3506 676 3572 vel
700 3493 1010 3594 potius'ellrenalam
1025 3508 1125 3596 plebis
1140 3509 1236 3577 licen·

206 3617 289 3695 tiam
317 3647 444 3717 semper
473 3627 604 3706 foveret,
627 3630 732 3695 itaut
756 3629 845 3695 Plato
863 3627 894 3716 §)
919 3649 993 3696 eum
1017 3631 1066 3697 vel
1089 3631 1171 3698 hanc
1194 3634 1234 3698 oh

200 3849 392 3858 *θῇ-...-

247 3963 273 4027 ⁸)
299 3961 395 4015 Tmsde:
425 3965 545 4030 Expositlo
567 3962 659 4028 ludicii,
683 3961 746 4029 quod
770 3961 937 4028 Aristophanes
960 3961 1014 4014 tulit
1038 3961 1067 4014 de
1091 3963 1234 4032 principibus

207 4060 322 4124 personis,
337 4076 395 4125 quae
412 4061 436 4110 in
452 4062 504 4123 rjus
519 4061 603 4110 lohulis
619 4067 752 4110 caumont.
768 4061 843 4122 Lngd.
859 4061 908 4110 unt.
925 4059 985 4110 leet
1002 4075 1054 4125 pag.
1070 4059 1108 4110 lo.
1124 4077 1175 4128 sqq.

245 4155 272 4221 l)
298 4155 373 4206 Thac.
390 4155 418 4214 ll,
433 4156 473 4215 aa,
488 4156 512 4206 6.

244 4249 552 4318 mmmmm
