3168 4950
709 481 750 544 ih

257 670 347 736 Idam
366 677 474 737 autem
493 669 737 749 Nausimachen,
756 671 998 739 Aristomachen
1015 680 1072 739 aut
1090 673 1236 740 Euhulen

214 812 276 858 non
300 792 487 859 excellentes
509 791 664 878 quasdam
691 800 856 860 matronas
878 793 977 859 fuisse
1001 815 1064 860 non
1088 815 1167 881 opus
1190 803 1240 860 est

212 933 351 991 monere,
373 913 428 980 sed
452 915 581 980 nomina
604 922 680 980 sunt
700 915 807 1001 jocose
830 915 905 983 ficta
930 923 963 982 et
986 936 1102 982 nomen
1125 916 1236 983 Nausi-

214 1037 326 1104 mache
349 1036 428 1102 nihil
450 1035 535 1102 aliud
559 1037 619 1102 sihi
642 1037 721 1114 vult,
742 1038 804 1102 nisi
829 1045 864 1103 ut
887 1037 1057 1117 indicetur,
1073 1059 1137 1126 qua
1154 1060 1187 1105 m
1203 1059 1238 1105 re

212 1158 402 1225 Charminus
425 1177 591 1246 perperam
616 1166 648 1223 et
670 1177 764 1224 secus
783 1160 910 1245 egisset.
938 1159 1021 1227 Vera
1040 1163 1141 1247 igitur
1161 1169 1238 1228 sunt

212 1281 316 1368 prima
344 1279 460 1346 Scholii
492 1280 587 1346 verha
618 1287 779 1345 πέπλασται
800 1291 836 1366 τᾷ
850 1289 982 1364 ὀνόματα,
1017 1303 1099 1368 qnae
1129 1290 1237 1348 autem

211 1401 329 1468 ihidem
351 1408 531 1488 sequuntur
549 1403 656 1487 inepta
675 1409 761 1478 sunt,
780 1403 930 1490 inprimis
950 1403 1046 1470 verba
1065 1411 1237 1490 postrema,

214 1523 254 1590 de
283 1523 400 1610 quihus
423 1531 511 1589 recte
533 1520 731 1590 Fritschius:
764 1525 823 1590 »ab
847 1525 995 1612 imperito
1018 1525 1146 1592 homine
1168 1545 1239 1613 pro·

213 1645 311 1723 fecta,
335 1647 390 1732 qui
413 1653 445 1710 et
473 1652 504 1709 ἐν
524 1653 611 1730 θράκῃ
632 1665 694 1711 non
723 1646 791 1712 sine
813 1644 904 1712 foedo
927 1648 1057 1734 scripsit
1079 1667 1189 1714 errore
1210 1655 1243 1714 et

214 1767 253 1834 de
283 1768 464 1834 certissima
494 1787 530 1833 re
559 1769 666 1854 inepte
696 1767 887 1834 dubitavit.¹'
921 1769 1112 1836 Charminus
1141 1771 1242 1857 igitur

213 1907 297 1954 unus
309 1888 370 1954 fuit
383 1907 493 1954 eorum
506 1896 691 1976 praetorum
704 1890 759 1975 qui
771 1898 1065 1955 commemorantur
1075 1890 1149 1979 hys.
1162 1895 1240 1956 515:
1276 1969 1280 1984 ,

282 2024 333 2084 Τίς
353 2019 508 2093 ξυλλάβοιτ
529 2020 564 2076 ἄν
584 2025 636 2076 τοῦ
657 2021 744 2083 ξύλου
765 2020 820 2075 τῶν
840 2017 871 2074 dr
890 2022 979 2096 Σάμῳ
1000 2021 1170 2096 στρατηγῶν.

259 2132 413 2198 Videlicet
433 2132 471 2199 ad
490 2132 585 2198 finem
601 2134 731 2198 aestatis
747 2133 823 2199 anni
839 2137 902 2198 412
919 2132 1052 2198 Athenis
1067 2134 1242 2199 mittuntur

215 2253 416 2342 Phrynichus
448 2252 478 2342 (c'
496 2263 697 2339 Στρατωνίδου
722 2253 825 2321 Sch01.
849 2253 922 2343 Lyl.
947 2258 1021 2331 515,
1045 2262 1241 2339 Δειρατιώδης

214 2375 298 2443 Plut.
311 2345 411 2442 Alcih.
425 2380 477 2443 et.
491 2395 508 2441 e
523 2376 611 2441 trihu
622 2374 775 2453 Leontidi‚
789 2375 896 2463 Steph.
907 2376 999 2442 Thes.
1009 2396 1034 2441 s.
1043 2396 1074 2442 v.
1087 2374 1238 2464 Δειράᾱες)

215 2495 401 2564 Onomacles
413 2505 445 2562 et
457 2495 638 2563 Scironides
649 2517 724 2562 cum
737 2497 822 2562 mille
838 2497 967 2585 hoplitis
983 2497 1240 2575 Atheniensibus,

217 2619 303 2685 mille
322 2627 354 2685 et
373 2620 557 2706 quingentis
575 2618 703 2705 Argivis
722 2626 754 2684 et
769 2619 855 2684 mille
879 2620 984 2697 sociis,
1004 2619 1104 2686 classe
1124 2619 1239 2686 duode-

216 2742 447 2826 quinquaginta
477 2741 612 2806 navibus
645 2742 678 2804 in
710 2739 847 2805 insulam
879 2737 1011 2805 Samum
1041 2737 1087 2826 i).
1130 2739 1242 2808 hieme

216 2869 322 2928 audem
353 2861 495 2948 ejusdem
526 2863 602 2928 anni
623 2881 685 2934 τοῖς
705 2868 735 2925 ἐν
756 2875 789 2941 τῇ
810 2871 898 2945 Σάμῳ
919 2869 1147 2948 προσαφιγμὲναι
1169 2864 1240 2943 ἦσαν

216 2983 349 3049 Athenis
378 2985 520 3070 quinque
550 2991 583 3048 et
612 2983 747 3069 triginta
778 3001 875 3048 naves
905 2981 1041 3049 ducibus
1070 2981 1241 3049 Charmino

217 3103 449 3172 Stromhichide
472 3111 504 3171 et
526 3103 723 3171 Euctemone
746 3101 790 3190 †).
826 3101 1077 3171 Strcmhichides
1096 3103 1164 3191 jam
1187 3103 1241 3170 ali·

216 3235 294 3313 quot
327 3227 491 3292 mensibus
524 3233 599 3292 ante
631 3245 697 3292 una
724 3245 799 3292 cum
822 3225 995 3314 Thrasycle
1017 3226 1132 3312 viginti
1156 3226 1242 3292 navi·

215 3348 275 3414 hus
301 3368 340 3414 ex
370 3347 475 3414 insula
502 3347 585 3413 hade
611 3346 753 3413 Miletum
783 3346 980 3434 aliquamdiu
1006 3347 1172 3414 obsederat
1198 3349 1242 3434 h),

216 3468 293 3536 dnm
335 3469 419 3535 Leon
463 3475 495 3534 et
533 3467 705 3536 Diomedon
748 3467 852 3556 paullo
883 3476 954 3555 post
983 3467 1116 3534 Athenis
1151 3469 1242 3535 missi

215 3593 302 3658 eirca
331 3590 446 3658 Chium
475 3598 620 3678 pugnant
651 3590 785 3658 navibus
813 3591 954 3676 quinque
976 3597 1008 3656 et
1031 3590 1156 3677 viginti.
1183 3587 1240 3677 ii)

217 3712 477 3790 Stromhiehides,
496 3714 552 3799 qui
571 3712 752 3799 praefuerat
766 3719 837 3776 octo
858 3711 991 3777 navibus
1007 3731 1045 3776 ex
1062 3711 1124 3776 iliis
1140 3713 1240 3798 regin·

256 3937 284 4002 *)
309 3939 383 3990 Theo.
398 3939 422 3997 8.
437 3939 477 3998 25,
493 3939 515 3990 i.

255 4034 284 4098 4)
309 4033 382 4084 Thno.
398 4034 475 4093 um,
492 4033 514 4084 i.

131 4167 136 4174 .
252 4128 283 4194 s)
309 4128 383 4179 reue.
399 4129 423 4187 s,
439 4127 477 4187 ιι,
492 4128 515 4178 ι.
530 4127 570 4186 ιι,
586 4128 628 4179 c

242 4223 610 4292 *pumannum
