3168 4950
360 647 496 712 aienses.
526 645 699 734 Phrynichi
715 648 816 732 igitur
830 659 1014 732 ποίοιομοιο
1028 655 1105 713 sunt
1119 649 1275 732 pessimae
1290 656 1386 724 artes,

361 767 477 853 quihus
500 787 579 835 usus
602 775 650 834 est
673 775 761 846 tunc,
785 788 886 855 quum
909 788 984 836 cum
1003 767 1054 834 Gi)
1073 769 1276 856 Reipublicae
1296 789 1385 856 prae·

360 897 455 956 esset.
486 887 630 976 Namque
649 910 685 958 eo
704 893 907 978 potissimum
926 899 959 958 ct
974 892 1085 979 paucis
1104 891 1174 957 aliis
1191 893 1385 970 auctoribus,

359 1018 468 1078 actum
485 1019 534 1078 est
553 1031 629 1080 cum
647 1012 904 1080 Lacedaemoniis
923 1013 962 1080 de
978 1013 1104 1080 foedere
1123 1033 1197 1080 cum
1217 1014 1385 1100 eligarchis

359 1133 603 1220 quibuscunque
638 1135 873 1203 conditionibus
907 1135 1018 1204 icendo
1051 1143 1084 1202 et
1112 1145 1145 1202 ut
1172 1157 1268 1215 τοῖχος
1295 1145 1328 1202 ιο·
1355 1145 1385 1201 ἐι

359 1253 530 1342 'flectente
552 1257 765 1335 eunuchatur,
796 1259 955 1345 imprimis
978 1277 1078 1344 quum
1102 1259 1277 1324 sensissent
1299 1269 1334 1324 ιο
1354 1266 1384 1324 tv

358 1393 391 1460 τῇ
411 1391 500 1468 Σάμῳ
524 1389 603 1461 σφῶν
622 1388 652 1454 ἐς
673 1389 863 1466 δημοκρατίαν
883 1391 1039 1461 ἀποστῆναι
1054 1433 1060 1446 .
1076 1431 1104 1445 ..
1126 1387 1159 1444 eh
1180 1389 1297 1465 ὁρῶντος
1317 1393 1382 1452 τούς

359 1532 389 1567 το
414 1513 538 1575 notioris
567 1516 614 1568 καί
644 1511 722 1583 σφῶν
750 1513 816 1575 τούς
840 1513 992 1575 δοκοῦντας
1014 1511 1148 1587 πρότερον
1169 1515 1287 1574 πίστους
1308 1504 1383 1566 εἶναι

357 1633 619 1707 μεταβαλλομένους
639 1619 685 1711 ί).
721 1621 766 1688 De
785 1623 838 1690 illo
858 1630 966 1690 autem
985 1641 1078 1690 muro
1099 1622 1303 1710 Thucydides
1322 1623 1383 1687 sic:

359 1742 402 1832 (8,
419 1748 472 1822 90,
489 1743 521 1833 4)
546 1749 578 1827 ἢν
598 1751 630 1812 δὲ
651 1761 701 1814 τοῦ
715 1760 829 1826 τοίχους
850 1755 865 1826 ἦ
886 1755 979 1832 γνώμη
1005 1753 1083 1825 αὕτη,
1100 1754 1137 1818 ὡς
1155 1753 1210 1825 ἔφη
1228 1753 1383 1828 θηραμένης

358 1881 406 1932 καί
435 1878 464 1934 σί
491 1875 551 1953 μετ’
573 1881 668 1946 αὐτοῦ,
699 1881 754 1950 οὐχ
775 1877 822 1934 ἵνα
842 1879 908 1941 τούς
929 1877 960 1932 ἐν
980 1879 1079 1951 Σάμῳ,
1103 1877 1135 1948 ἢν
1156 1875 1208 1952 βίᾳ
1226 1875 1382 1932 ἐπιπίὲσσι

354 1997 395 2074 μή
419 2001 553 2063 δέξωνται
578 2001 608 2065 ἐς
629 2001 677 2057 τὸν
697 2005 831 2076 Πειραιᾶ,
853 1997 915 2056 ἀλλ’
939 1997 985 2054 ίνα
1006 1999 1072 2061 τούς
1093 1997 1246 2070 πολεμίους
1265 1998 1381 2070 μᾶλλον,

358 2121 425 2178 ὅταν
452 2121 618 2195 βούλωνται,
646 2128 694 2178 ναί
722 2128 806 2178 ναυσί
835 2127 882 2177 ναί
905 2121 977 2196 πεζῷ
999 2121 1142 2184 δέξωνται.
1187 2108 1266 2195 Ejus
1297 2108 1382 2174 modi

356 2233 457 2316 igitur
481 2235 671 2320 gravissima
693 2231 882 2319 proditionis
901 2232 1016 2297 delicta
1035 2239 1067 2296 et
1087 2230 1188 2300 multa
1209 2230 1281 2308 elia,
1301 2241 1320 2294 ἃ
1341 2243 1382 2302 εις

356 2363 406 2420 etv
433 2365 521 2438 δῆμον
546 2374 621 2420 oum
652 2353 808 2419 Pisandro
833 2353 1010 2437 ceterisque
1030 2352 1238 2438 ‘demagogis
1269 2359 1306 2417 ut
1336 2353 1382 2417 ait

355 2475 482 2564 Lysias:
509 2472 575 2564 (οί.
589 2478 641 2552 25,
650 2471 694 2561 9.)
717 2483 844 2561 ἥμαρτον,
864 2493 911 2550 ea,
930 2474 1072 2560 inquam,
1092 2481 1220 2540 suntad
1239 2488 1382 2557 Φρυνίχου

356 2608 550 2681 παλαίσματα.
586 2657 591 2667 .

399 2717 487 2786 Inter
503 2721 608 2807 capita
623 2719 930 2807 quadringentorum
948 2717 1150 2806 Thucydides
1162 2716 1261 2784 refert
1272 2718 1380 2784 Pisan-

356 2840 451 2908 drum
476 2847 521 2928 (8,
544 2847 597 2920 90,
619 2840 662 2930 1.)
687 2842 726 2908 de
749 2863 812 2928 qno
839 2841 927 2908 addit
955 2839 997 2930 (8,
1018 2843 1071 2918 68,
1092 2837 1134 2926 1.)
1165 2853 1213 2904 καί
1236 2848 1326 2905 τᾶλλο
1349 2847 1381 2904 ἐι

355 2981 406 3032 τοῦ
434 2979 596 3051 προφανοῦς
626 2977 829 3050 προθυμότατα
859 2975 1068 3051 ξυγκαταίύσας
1100 2971 1149 3028 τὸν
1179 2971 1276 3045 δῆμον.
1316 2959 1381 3027 Iste

355 3095 463 3152 autem
495 3086 649 3153 Pisandes
678 3086 893 3152 dchamensis
915 3083 947 3173 †)
978 3105 996 3150 e
1022 3085 1109 3150 trihu
1136 3082 1273 3150 Oeneide
1296 3083 1380 3170 apud

355 3207 600 3295 Aristophanem
622 3210 764 3294 primum
786 3208 927 3274 occurrit
950 3209 984 3272 in
1003 3206 1117 3292 fragm.
1137 3205 1261 3272 fabulae
1280 3205 1378 3294 Baby·

355 3329 514 3397 loniorum
537 3328 584 3418 h),
618 3330 674 3396 uhi
703 3307 875 3417 δωροδοκίας
904 3330 1026 3396 crimen
1056 3330 1086 3394 ei
1116 3329 1267 3415 objicitur
1292 3327 1379 3393 hisce

354 3451 475 3518 verbis:

343 3580 536 3592 —----——-·-.n

396 3646 422 3712 ³)
441 3645 513 3700 Thuc.
529 3649 552 3708 8,
568 3648 606 3707 90,
621 3649 645 3700 2.

395 3761 422 3824 †)
440 3760 535 3810 Beirheri
554 3760 631 3810 Schoi.
647 3758 676 3809 ad
693 3759 799 3809 Aeschin.
816 3759 845 3808 de
861 3759 916 3808 ieisa
933 3757 1046 3820 legatione
1061 3757 1100 3807 51.
1118 3751 1146 3806 οἱ
1167 3752 1231 3824 περὶ
1255 3753 1376 3804 Πείσαν-

355 3869 423 3945 δρον
449 3868 498 3925 τὸν
526 3864 667 3944 Ἀχαρνέα
693 3868 855 3945 δημαγωγὸν
873 3867 991 3924 ἔπεισαν
1014 3865 1063 3921 τὸν
1082 3866 1177 3938 δῆμον,
1200 3863 1263 3919 ἐπεί
1285 3865 1379 3920 δεῖται

353 3984 388 4039 τοὶ
409 3985 557 4060 πράγματα
577 3984 700 4055 σπουδῆς
722 3989 770 4040 καί
788 3983 918 4047 ἐπινοίας
936 3986 1053 4052 ταχείας
1067 3977 1248 4050 ποιήσασθαι
1265 3986 1379 4056 κυρίους

355 4099 484 4155 ἁπάντων
504 4104 712 4176 τετρακοσίους.

391 4207 666 4272 mmmm
