3168 4950
812 437 854 502 88

363 627 500 696 Gonoms
523 646 638 696 nomen
661 625 745 713 apud
760 625 1006 714 Aristophanem
1023 643 1182 711 nusquam
1197 621 1352 698 occurrit,

319 748 375 816 sed
405 757 454 816 est
483 749 587 828 locus,
618 747 801 826 Ecel.19tt,
832 748 872 816 ad
900 769 996 838 quem
1020 746 1196 822 Scholiasta
1219 742 1352 820 adnotat
1399 841 1405 850 .

320 871 478 940 Cononem
501 871 645 958 intelligi.
680 871 862 938 Praxauora
885 871 1007 940 scilicet
1036 871 1114 938 vitia
1147 885 1351 942 enumerans,

318 995 435 1080 quibus
458 1001 536 1060 tunc
559 992 750 1080 Respublica
773 993 945 1072 laboraret,
968 993 1046 1062 haec
1071 993 1166 1059 dicit:

464 1125 497 1182 τί
518 1124 698 1200 συμμαχικὸν
719 1118 755 1182 cd
777 1123 869 1190 τοῦθ’,
892 1125 933 1186 ὅτ’
955 1126 1165 1198 ὲσνοποάμαθα,

466 1250 494 1303 εί
513 1245 552 1322 μή
571 1244 682 1324 μένοντ’,
704 1246 823 1304 ἀπολεῖν
844 1247 970 1318 ἔφασκον
991 1245 1041 1316 τήν
1063 1247 1158 1302 πόλιν.

444 1415 446 1420 ,
465 1369 511 1426 ὅτε
532 1368 566 1440 ἀμ’
586 1365 612 1426 d'
632 1366 742 1446 ἐγένετ’,
766 1370 897 1440 ἤχθοντο,
920 1369 974 1428 τῶν
995 1364 1026 1426 ds'
1047 1367 1171 1444 ῥητόρων

463 1491 479 1545 ὁ
500 1485 575 1548 τοῦτ’
597 1489 753 1554 ἀναπείσας
774 1491 866 1552 adduc
887 1489 1012 1566 ἀποδμάς
1033 1483 1132 1564 ᾤχετο.

363 1609 466 1678 801101.
490 1621 505 1676 ὁ
529 1617 604 1676 ταῦτ’
625 1619 791 1684 ἀναπείσας·
815 1623 932 1678 Κόνωνα
955 1623 1041 1698 λέγει.

363 1732 438 1802 Sine
467 1731 563 1800 dubio
592 1733 793 1820 significatur
820 1733 945 1810 loedus,
969 1733 1053 1819 quod
1081 1752 1157 1798 cum
1180 1731 1350 1810 Thebanis,

324 1855 497 1922 Corinthiis
516 1863 548 1922 et
564 1854 691 1940 Argivis
705 1855 914 1922 Athenienses
930 1856 1066 1922 icerunt.
1097 1852 1158 1920 Sed
1175 1852 1352 1920 Scholiasta

318 1977 358 2044 ad
374 1999 402 2044 V.
420 1981 495 2042 193:
518 1991 583 2062 περὶ
600 1981 631 2041 δὲ
650 1991 699 2042 τοῦ
716 1991 896 2060 συμμαχικοῦ
915 1986 1074 2061 Φιλόχορος
1093 1987 1210 2061 ἱστορεῖ,
1231 1986 1275 2042 ὅτι
1294 1983 1350 2058 πρὸ

318 2101 370 2166 odo
398 2108 467 2164 ἑτῶν
494 2107 604 2184 ἐγένετο
630 2110 778 2179 συμμαχία
803 2108 1036 2182 Λακεδαιμονίων
1064 2096 1146 2185 (dege
1169 2093 1346 2181 Ἀθηναίων)

318 2234 366 2284 καί
387 2229 530 2284 Βοιωτῶν.
572 2219 637 2284 Hoc
664 2227 772 2286 autem
800 2218 909 2286 foedus
936 2221 1039 2285 ictum
1066 2227 1115 2284 est
1142 2219 1246 2305 paullo
1274 2226 1348 2284 ante

319 2341 477 2427 proelium
501 2339 541 2406 ad
564 2340 755 2409 Baliartnm.
790 2339 896 2421 Quum
915 2342 1001 2406 enirn
1021 2341 1228 2418 Timocrates,
1244 2343 1347 2408 missu

320 2461 514 2534 Tithraustis
538 2481 620 2527 anno
641 2465 704 2528 595
721 2459 755 2548 1)
773 2464 806 2528 in
826 2460 992 2530 Graeciam
1011 2464 1151 2528 venisset
1170 2471 1202 2529 et
1222 2463 1299 2530 alios
1314 2469 1347 2528 et

319 2583 527 2650 Athenienses
549 2583 589 2649 ad
612 2583 729 2650 bellum
753 2592 864 2650 contra
887 2584 1151 2652 Lacedaemonios
1171 2585 1346 2671 gerendum

316 2705 423 2772 verbis
456 2712 489 2770 et
523 2706 666 2771 nummis
695 2706 864 2784 excitaret,
904 2707 1113 2774 Athenienses
1143 2728 1206 2774 non
1237 2709 1347 2774 statim

316 2823 426 2892 foedus
461 2846 535 2892 cum
571 2826 729 2894 Thebanis
764 2829 919 2906 inierunt,
962 2829 1038 2894 irati
1073 2829 1176 2896 adhuc
1211 2830 1274 2896 illis
1306 2829 1346 2896 ob

315 2947 485 3033 pristinam
513 2947 689 3012 amicitiam
719 2947 883 3014 Thebanos
911 2949 996 3016 inter
1024 2959 1056 3016 et
1080 2950 1268 3037 Spartanos,
1292 2950 1347 3016 sed

317 3087 416 3153 quum
447 3067 481 3132 hi
510 3065 643 3152 jamjam
675 3068 818 3132 invasuri
850 3079 957 3136 essent
988 3072 1150 3138 boeotiam
1177 3081 1209 3138 et
1234 3073 1347 3158 legatis

320 3189 429 3254 missis
456 3187 596 3253 Thebani
619 3181 729 3254 eorum
754 3209 845 3274 opem
874 3192 1089 3271 invocassent,
1112 3203 1190 3261 tunc
1216 3194 1346 3260 demum

318 3308 411 3376 multi
434 3310 468 3374 in
492 3309 632 3374 comitiis
657 3320 707 3391 τήν
733 3327 897 3394 συμμαχίαν
919 3295 1068 3393 subdent,
1091 3328 1193 3390 πάναος
1215 3323 1344 3400 δ’ἑνμηφί·

319 3459 405 3494 uam
426 3438 549 3511 βοηθεῖν
569 3440 677 3502 αὐτοῖς.
699 3431 774 3496 Post
797 3451 937 3526 pugnam
958 3436 997 3502 ad
1014 3437 1195 3506 Haliartum
1217 3437 1347 3504 demum

320 3550 366 3616 illi
389 3548 526 3618 duarum
549 3550 652 3616 adhuc
678 3539 854 3620 civitatum¹
868 3553 987 3624 foederi
1005 3557 1037 3644 †)
1058 3560 1215 3627 accedunt
1237 3560 1346 3626 Corin-

317 3729 508 3742 m

361 3848 386 3910 *)
413 3848 470 3895 Xen.
496 3846 534 3902 lll,
558 3844 581 3902 5,
605 3845 627 3895 1.
652 3849 687 3906 lV,
710 3849 733 3900 1,
759 3848 781 3898 l.
805 3852 866 3900 Clint
884 3854 909 3902 F.
927 3854 954 3903 Η.
977 3855 1005 3904 ad
1023 3872 1076 3905 ann
1092 3859 1146 3907 395.
1169 3859 1248 3920 Lysias
1265 3857 1344 3915 tolo:

320 3949 429 4025 πρῶτον
454 3942 506 4020 μὲν
533 3949 596 4023 χάρ,
626 3947 673 4004 ὅτε
701 3949 756 4019 τήν
787 3961 986 4025 συμμαχίαν
1018 3957 1234 4028 ἐποιήσασθε
1265 3960 1348 4035 πρὸς

321 4065 402 4126 τούς
424 4063 598 4124 Βοιωτούς
620 4067 667 4118 καί
689 4068 730 4126 είς
753 4061 903 4142 Ἁλίαρτον
924 4069 982 4124 ἔδει
1003 4071 1134 4142 βοηθεῖν.

361 4173 388 4236 †)
415 4170 482 4222 Diod.
498 4170 555 4227 XIV,
571 4170 599 4220 81
617 4171 670 4234 Lys.
687 4172 778 4230 16,13.
