3168 4950
695 474 733 533 41

197 676 307 732 noster
333 677 471 739 ὁΛέκου,
495 662 674 738 Stiriensis,
697 672 874 747 ὁθράσωνος
895 660 941 748 i),
964 671 979 726 ο·
999 674 1161 734 Κολλυτεύς
1180 663 1226 746 †)‚

199 791 255 874 qui
278 809 360 854 anno
385 793 448 854 587
473 794 543 852 octo
567 786 701 852 navibus
723 784 872 871 praefuit.
909 785 1095 860 Scholiasta,
1112 787 1177 871 qui,
1193 792 1230 850 ut

196 911 372 976 verisimile
391 918 450 986 est,
470 909 575 974 locum
592 908 660 993 jam
685 909 845 992 integrum
869 907 960 988 vidit,
982 908 1070 972 illum
1094 906 1231 994 appellat

197 1043 314 1112 αὐθάδη
336 1047 384 1098 καὶ
407 1041 572 1117 δωροδόκον,
596 1034 754 1116 ὖπερόπτην
775 1045 825 1096 τοῦ
847 1040 945 1112 δήμου.
968 1029 1055 1110 Quae
1070 1030 1176 1106 verba,
1193 1036 1230 1094 ut

197 1155 323 1241 opinor,
348 1174 408 1219 non
434 1153 524 1220 facile
548 1152 668 1218 cadunt
688 1153 720 1216 in
742 1159 899 1230 nostrum,
919 1153 974 1237 qni
993 1159 1071 1217 tunc
1091 1153 1230 1218 maxima

196 1277 298 1360 gloria
332 1276 508 1342 fruebatur.
553 1273 701 1339 Attamen
735 1293 798 1338 non
823 1275 926 1339 ausim
950 1294 1019 1339 rem
1043 1272 1229 1359 dijudicare.

244 1397 353 1484 Aeque
368 1399 528 1464 incertum
545 1416 614 1462 esse
630 1416 711 1473 reor,
727 1397 800 1482 quis
816 1396 913 1460 inerit
928 1395 988 1471 ille,
1001 1396 1056 1480 qni
1069 1394 1155 1462 Ecci.
1167 1399 1230 1460 556

201 1519 380 1586 secundum
413 1518 515 1584 Schol.
548 1518 667 1584 dicitur
699 1520 839 1604 primum
869 1519 1028 1604 pollicitus
1060 1538 1170 1603 pacem
1199 1537 1232 1582 se

200 1643 444 1718 dissuasurum,
475 1640 587 1706 deinde
619 1649 791 1726 corruptus
816 1661 833 1704 a
863 1638 1093 1726 Spartanorum
1119 1640 1232 1722 legatis

202 1765 264 1830 levi
288 1771 455 1850 praetextu
478 1782 557 1828 usus
581 1763 676 1828 verba
700 1782 762 1826 non
787 1761 911 1828 secisse.

248 1887 327 1952 Ran.
352 1891 435 1952 1500
461 1905 529 1969 sqq.
556 1884 648 1949 Pluto
679 1858 870 1970 Aeschylum
899 1903 938 1947 ex
961 1903 1035 1948 orco
1064 1884 1232 1948 remittens

198 2010 292 2095 jubet
313 2009 519 2093 nequissimis
540 2006 700 2072 nonnuliis
721 2005 804 2070 ierne
824 2006 985 2080 nuntium,
1007 2012 1042 2069 ut
1059 2006 1128 2069 sine
1144 2024 1231 2070 mora

156 2191 157 2194 ,
203 2138 340 2195 mortem
361 2130 422 2194 sibi
447 2130 648 2194 consciscant
671 2129 754 2193 etin
777 2147 890 2192 orcum
914 2126 1121 2192 descendant:

443 2328 493 2382 κᾶν
513 2330 551 2400 μή
574 2326 678 2396 ταχέως
700 2324 812 2398 ἥκωσιν,
836 2326 890 2403 ἐγὼ

442 2455 474 2522 nq'
497 2451 545 2506 τὸν
566 2448 695 2506 Ἀπόλλω
719 2451 817 2513 στίξας
839 2453 943 2514 αὐτούς

525 2578 572 2628 καὶ
595 2573 773 2648 συμποδίσας

442 2695 503 2771 μετ’
519 2693 711 2771 ’Ἀδειμάντου
733 2703 782 2753 τοῦ
796 2697 988 2764 Λευκολόφου

447 2824 517 2876 κατὰ
539 2825 586 2897 γῆς
609 2821 714 2888 ταχέως
736 2818 902 2890 ἀποπέμψοι.

250 2983 441 3050 Adimantus
476 2982 665 3069 Leucolophi
696 2980 725 3068 q)
762 2983 828 3046 sive
860 2978 1109 3065 Leucolophidae
1143 2977 1236 3053 iiius

207 3107 348 3192 primurn
373 3126 455 3172 anno
479 3109 542 3170 407
567 3113 694 3190 praetor
718 3111 846 3190 oreatus
869 3101 1059 3186 additusque
1083 3108 1130 3165 est
1155 3099 1236 3164 ntei-

196 3281 387 3288 ·.-.-—-..

247 3369 273 3432 *)
292 3369 352 3418 etur.
369 3367 442 3417 ateio.
458 3367 496 3415 56.

247 3465 273 3528 †)
292 3465 345 3526 Lys.
361 3464 400 3520 26,
417 3461 434 3526 S
452 3461 489 3518 tu,
504 3460 544 3509 it.
561 3460 618 3509 Xan.
636 3460 660 3516 V,
677 3458 699 3516 i,
714 3459 753 3508 26.

244 3535 349 3623 maltis
366 3558 422 3607 locis
441 3557 509 3620 (utar.
527 3556 586 3603 Prot.
603 3553 657 3603 315.
674 3554 701 3602 E.
717 3554 776 3602 Xon.
792 3553 849 3601 Heli.
868 3553 885 3610 1,
900 3552 970 3609 wi.
985 3553 1050 3612 Frag.
1061 3553 1119 3615 Eup.
1130 3549 1234 3614 roim.)

211 3656 339 3720 appellatur
355 3655 417 3704 filins
434 3649 626 3714 Leucolophidae.
655 3651 727 3711 Cujus
743 3650 878 3698 variationis
895 3647 966 3696 muita
985 3654 1039 3694 sunt
1055 3647 1171 3710 exempla,
1183 3660 1234 3695 ne.

210 3759 271 3807 Nub.
290 3759 320 3806 65
344 3771 427 3806 nomen
453 3755 526 3818 putris
552 3751 698 3816 Strepsiadae
721 3757 756 3798 est
782 3740 968 3807 uertentem,
990 3748 1029 3796 sed
1053 3748 1097 3796 154
1118 3739 1237 3795 Φείδων.

210 3853 272 3902 Kock
289 3853 350 3902 Nub.
366 3852 396 3900 65
414 3851 469 3900 traco
485 3849 591 3898 adnotat:
609 3848 704 3905 „iiieses
721 3843 864 3893 Schwenken
881 3843 924 3892 der
940 3842 1039 3903 Endnng
1053 3843 1082 3890 ist
1096 3842 1119 3890 in
1136 3841 1237 3902 griechi-

210 3949 280 3996 schen
305 3947 394 3996 ttamen
420 3945 485 3994 nieht
510 3943 592 3993 sciton.
625 3941 656 3990 So
680 3939 821 3989 Alexandros
847 3937 893 3986 und
916 3937 1093 3990 Alexandrides.
1114 3935 1239 3984 Cioaodros
1314 3989 1316 3996 ¹

212 4042 257 4090 und
275 4041 432 4097 Cleandrides,
450 4038 580 4089 i‘irrasikics
597 4037 643 4086 und
658 4033 831 4088 Plnusicieidcs.
844 4032 947 4080 Enbnins
960 4032 1005 4079 nnd
1021 4031 1154 4087 Eubulidas,
1168 4031 1236 4092 Lysi·

211 4139 305 4188 machus
319 4137 365 4186 nnd
380 4133 561 4198 Lysimachides
575 4131 691 4182 Siroichos
704 4129 750 4179 und
766 4128 907 4179 Simichidrs
921 4125 1111 4191 (Herostorhuys)
1123 4124 1237 4175 Patrocles

211 4234 256 4282 und
276 4232 452 4282 Patrocleidos.''

1146 4321 1160 4364 o
