3168 4950
766 461 808 528 50

746 743 829 810 ΧΙΙΙ.

315 901 402 968 Caes.
421 902 459 967 de
479 903 508 968 h.
527 900 561 966 G.
580 901 632 966 IV.
653 906 702 966 10.
725 900 801 966 haee
821 901 972 985 leguntur
992 899 1053 988 (ed.
1066 899 1171 988 Nipp.)
1194 901 1298 970 »diosa

270 1024 400 1110 profluit
423 1045 461 1088 ex
484 1033 591 1089 mente
610 1024 740 1109 Vosego,
761 1025 817 1109 qui
841 1031 889 1088 est
913 1024 946 1086 in
971 1023 1087 1088 finibus
1110 1024 1298 1110 Lingonum,

272 1146 315 1231 (et
347 1154 436 1232 parte
467 1145 604 1232 quadam
635 1164 673 1210 ex
705 1145 814 1210 Rheno
845 1153 987 1231 recepta,
1012 1166 1093 1230 quae
1123 1146 1298 1232 appellatur
1349 1120 1360 1138 Ἰ

271 1268 406 1333 Vacalus
433 1276 453 1342 †
481 1267 681 1353 insulamque
709 1266 806 1333 efficit
835 1267 1044 1343 Batauorum,
1074 1269 1107 1332 in
1135 1265 1297 1333 Oceanum

272 1387 390 1474 influit)
409 1379 509 1476 neque
528 1390 654 1474 longius
670 1390 709 1453 ah
726 1386 999 1474 Oceanomilihus
1015 1409 1168 1475 passuum
1188 1389 1298 1454 LXXX
1326 1425 1327 1428 π

271 1512 303 1574 in
327 1510 473 1574 Rhenum
497 1511 636 1575 iniluit.”

316 1630 402 1712 Quae
428 1633 518 1696 uncis
542 1633 666 1708 inclusi,
690 1632 809 1698 alienae
832 1653 946 1698 manus
971 1653 1039 1698 esse
1062 1633 1221 1698 videntur.

748 1840 826 1906 XIV.

316 1999 394 2064 Male
426 2000 531 2063 editur
563 1998 646 2083 apud
669 1997 820 2083 Nepotem
852 1999 885 2060 in
915 1998 970 2061 vil.
997 1996 1067 2063 Dat.
1091 2004 1121 2073 6,
1146 2003 1177 2062 7:
1215 1999 1298 2063 »Hae

272 2141 306 2185 re
342 2121 472 2206 probata
507 2096 684 2185 exereitum
725 2119 846 2196 educit,
884 2117 1154 2184 Metroharzanem
1194 2139 1298 2206 perse·
1343 2150 1349 2160 ·

272 2244 383 2326 quitur
406 2251 549 2315 tantum;
570 2243 625 2328 qui
650 2262 724 2306 eum
749 2241 788 2306 ad
809 2241 915 2306 hostes
935 2249 1131 2326 pervenerat,
1152 2241 1299 2307 Datames

247 2345 363 2448 'signa
385 2363 498 2427 inferri
518 2362 643 2448 juhet.’'

317 2483 378 2563 Qui
401 2485 489 2548 loeus
515 2484 592 2547 mihi
617 2485 662 2548 sie
686 2484 902 2550 emendandus
922 2505 990 2550 esse
1010 2485 1147 2550 videtur.
1184 2486 1248 2550 Hae
1265 2506 1299 2550 re

272 2607 403 2691 probata
436 2607 610 2670 exereitum
643 2606 759 2682 educit,
791 2607 1059 2675 Metroharzanem
1085 2609 1298 2693 persequitur,

273 2729 328 2812 qui
359 2736 484 2794 tantum
514 2749 576 2793 non
608 2729 648 2795 ad
679 2730 786 2796 hostes
816 2737 1018 2817 pervenerat,
1048 2750 1121 2794 eum
1151 2729 1299 2795 Datames

274 2851 364 2936 signa
389 2851 501 2916 inferri
523 2851 623 2936 juhet.

759 3061 824 3126 XV.
906 3105 909 3112 -

316 3217 412 3282 Errat
443 3217 579 3292 thher,
612 3219 666 3302 qui
698 3215 806 3304 (heall.
828 3218 859 3283 d.
879 3218 921 3282 hl.
942 3217 978 3282 A.
999 3237 1070 3303 pag.
1093 3215 1169 3304 527)
1191 3218 1230 3283 de
1249 3217 1301 3282 iiio

272 3339 443 3415 Lamacho,
481 3357 576 3422 quern
612 3341 839 3424 Aristophanes
871 3341 902 3404 in
936 3340 1013 3405 Aeh.
1042 3339 1178 3416 deridet,
1209 3339 1300 3406 dicit:

274 3460 340 3524 »lm
370 3460 522 3544 huhrage
550 3461 605 3526 des
633 3461 774 3526 Perihies
802 3461 933 3526 heireite
956 3482 991 3526 er
1016 3467 1078 3528 455
1104 3461 1218 3548 Sinope
1240 3482 1300 3526 von

273 3583 390 3645 seiuem
418 3582 622 3669 Tyraunen.”

752 3793 832 3860 XVI.

318 3949 414 4013 Recte
439 3950 565 4025 Buehle,
591 3948 670 4014 Hist.
695 3948 729 4014 oi
749 3949 945 4016 Civilizatiou
966 3951 999 4014 in
1023 3950 1168 4035 England
1192 3951 1260 4016 Vel.
1277 3951 1301 4018 Ι.

273 4070 414 4156 pag.VlI,
429 4075 620 4136 174—185e
645 4070 859 4137 »Intellectual
871 4072 1000 4138 truths'’
1011 4071 1058 4159 (as
1071 4072 1301 4158 distinguished

274 4192 355 4257 from
376 4193 475 4258 moral
496 4190 613 4278 truths)
637 4212 711 4258 »are
732 4192 785 4256 the
805 4211 900 4292 eause
920 4192 953 4258 os
970 4193 1150 4278 progress”
