3168 4950
630 1421 811 1519 CAPUT
842 1421 1095 1518 TERTIUM.

413 1670 453 1712 ns
468 1671 520 1726 ns,
537 1670 594 1728 qm
609 1669 650 1712 As
664 1668 751 1712 Asso
766 1649 829 1710 421
847 1667 926 1710 sens
941 1668 1042 1727 usque
1057 1670 1099 1712 sn
1113 1670 1227 1713 Assem
1243 1652 1305 1712 410

707 1773 884 1817 medones
905 1772 1015 1827 rusae.

394 2321 619 2408 Aristophanes
649 2329 686 2386 ut
716 2325 771 2408 qui
801 2330 885 2387 esset
916 2336 958 2396 εἲς
985 2335 1038 2388 τῶν
1064 2336 1155 2388 καλῶν
1181 2357 1211 2390 τε
1240 2337 1371 2414 κάγαθῶν

349 2445 485 2530 pessime
515 2443 624 2508 ederat
654 2443 786 2520 bellum,
810 2444 892 2531 quod
920 2447 949 2509 ei
972 2445 1134 2510 videretur
1158 2450 1278 2514 nemini
1301 2470 1370 2536 pro-

350 2565 454 2641 desse,
486 2565 547 2630 nisi
578 2566 633 2640 iis,
662 2566 717 2650 qui
744 2585 818 2631 cum
847 2565 961 2631 damno
991 2565 1116 2652 publico
1148 2570 1214 2634 suis
1244 2579 1372 2637 tantum

350 2685 524 2752 commodis
554 2687 771 2773 prospicerent
802 2684 835 2772 ἦ)
868 2693 899 2750 et
926 2705 997 2752 aere
1020 2687 1170 2754 merendo
1194 2691 1372 2779 praedaque

349 2807 493 2874 facienda
515 2828 582 2873 rem
607 2808 710 2874 facere
734 2807 911 2873 studerent.
942 2807 994 2873 sic
1011 2828 1103 2895 saepe
1119 2814 1265 2896 queritur
1280 2823 1369 2901 poeta

350 2930 388 2995 de
422 2930 514 2996 malis
551 2928 624 2995 belli
658 2937 689 2995 et
719 2929 757 2994 de
788 2931 865 3014 ipsis
896 2929 967 2994 helli
1010 2931 1155 3011 ducibus,
1193 2937 1284 3022 cujus
1323 2938 1369 3002 rei

350 3052 528 3137 exemplum
559 3051 630 3116 vide
659 3050 766 3136 Equit.
795 3055 857 3116 563
889 3072 968 3139 sqq„
1003 3055 1058 3120 uhi
1093 3059 1238 3140 antiquos
1272 3057 1369 3121 duces

316 3258 319 3263 1
348 3173 495 3238 laudibus
518 3173 609 3249 tollit,
632 3191 768 3258 quorum
791 3192 893 3250 nemo,
912 3180 1058 3260 quamvis
1080 3178 1197 3262 optime
1212 3175 1250 3240 de
1265 3177 1367 3262 patria

350 3296 484 3359 meritus

570 3399 683 3462 σίτησιν
703 3391 781 3464 ᾖτησ’
801 3394 931 3471 ἐρόμενος
950 3399 1130 3454 Κλεαίνετον.

392 3537 452 3604 Sed
483 3537 521 3603 de
555 3539 611 3615 iis,
649 3541 704 3625 qui
735 3547 812 3607 tune
845 3562 918 3608 cum
950 3545 1082 3630 imperio
1121 3550 1242 3620 essent,
1277 3545 1369 3622 dicit,

346 3663 504 3728 neminem
527 3661 605 3728 velle
631 3682 782 3750 pugnare,
822 3675 872 3732 ἐὰν
904 3680 942 3750 μή
977 3677 1127 3752 προεδρίαν
1161 3678 1231 3753 φέρῃ
1260 3683 1307 3733 καὶ
1335 3683 1368 3736 τά
1450 3697 1453 3703 ·

345 3800 434 3851 σιτία.
456 3784 566 3870 ltaque
582 3784 650 3851 fieri
669 3806 732 3852 non
751 3790 864 3874 potuit,
888 3791 965 3875 quin
988 3808 1060 3854 eum
1084 3790 1369 3874 potissimumsuis

337 3965 528 3974 ——-·

384 4063 410 4127 *)
436 4065 491 4114 Vide
516 4081 574 4130 quae
598 4067 656 4116 infre
681 4067 792 4118 dicuntur
815 4069 844 4118 de
861 4070 982 4128 Pisandro;
1007 4087 1049 4121 nee
1066 4086 1110 4121 non
1128 4073 1198 4122 Arist.
1215 4073 1265 4122 Pae.
1281 4073 1326 4122 395
1343 4080 1366 4124 et

241 4214 242 4218 Ἰ
346 4158 422 4208 Schol.
438 4160 467 4208 ad
484 4161 583 4210 eundem
600 4161 684 4212 locum.
