3168 4950
731 435 772 496 45

237 627 387 704 Platonis,
402 624 602 711 cleophontis
621 627 750 689 nonrine
769 624 933 710 inscripta,
954 632 985 688 et
1000 625 1111 700 omnia
1127 643 1208 711 quae
1225 625 1265 691 ati

237 747 327 814 illurn
350 748 498 824 attinent,
520 746 563 810 ibi
584 747 627 812 ita
646 745 846 811 demonstata
865 745 965 824 video,
986 754 1021 811 ut
1040 745 1119 811 mihi
1135 746 1263 834 quidem

237 871 371 934 verbum
395 867 518 934 nullum
543 867 724 933 addendum
748 887 818 932 esse
842 887 924 934 rear.

282 988 334 1056 Sio
366 991 479 1067 etiarn,
503 988 586 1075 quod
608 987 769 1074 judicium
792 987 1020 1074 Aristophanes
1043 989 1082 1054 de
1104 989 1264 1079 Agyrrhio

236 1111 540 1178 tuleritEccl.185
565 1131 612 1197 sq.
637 1118 668 1175 et
691 1109 770 1176 Ran.
796 1113 860 1175 570
888 1111 1006 1196 optirne
1030 1131 1202 1196 cognoscas
1225 1131 1263 1178 ex

236 1233 346 1299 eodern
368 1233 520 1320 opusculo
543 1253 616 1318 pag.
636 1235 679 1298 48
700 1239 731 1298 et
749 1235 801 1313 49.
835 1231 974 1320 Agyrrhi
994 1235 1137 1321 corrupti
1158 1254 1263 1301 mores

235 1354 337 1442 lepide
359 1355 622 1442 perstringuntur
645 1354 731 1420 Eccl.
756 1359 884 1421 lot-3
908 1355 959 1420 his
982 1355 1103 1420 verbis:

385 1485 535 1564 ’Λγύρριος
556 1493 623 1565 γοῦν
644 1487 692 1544 τὸν
711 1489 861 1564 Προνόμου
883 1486 981 1566 πώγων
1002 1488 1074 1559 ἔχων

388 1609 501 1680 λέληθε,
525 1613 619 1666 καίτοι
641 1611 776 1686 πρότερον
798 1603 830 1680 ἢν
852 1601 934 1674 οὗτος
955 1611 1029 1687 γυνή,

381 1735 442 1786 νυνὶ
464 1729 565 1806 δ’ὁρᾷς,
589 1734 705 1806 πράττει
727 1733 761 1786 τά
781 1727 890 1807 μέγιστ’
912 1731 942 1786 e'r
964 1735 996 1802 τῇ
1017 1733 1110 1788 πόλει.

281 1841 343 1922 Sed
367 1863 429 1908 non
454 1843 555 1908 solum
580 1861 654 1908 cunr
676 1843 817 1930 potentia
837 1842 1015 1910 abundasse
1035 1843 1089 1910 sed
1109 1845 1205 1910 ctiam
1228 1845 1260 1910 in

236 1983 272 2030 re
294 1964 380 2030 lauta
404 1965 523 2030 vixisse
548 1973 680 2051 apparet
704 1985 742 2030 ex
765 1965 848 2030 Plut.
867 1969 943 2030 176:

382 2093 531 2174 Ἀγύρριος
553 2096 614 2154 δὀὐ
634 2097 684 2152 δὶα
706 2104 808 2154 τοῦτον
829 2098 974 2173 πέρδεται·

235 2209 320 2295 quod
343 2209 412 2295 ejus
435 2230 505 2276 esse
529 2209 706 2276 Scholiasta
730 2211 823 2288 dicit,
847 2211 902 2297 qui
927 2212 995 2276 sine
1018 2210 1082 2277 ulla
1105 2229 1184 2277 cura
1207 2219 1263 2277 aut

236 2331 448 2398 sollicitudine
471 2333 570 2398 animi
594 2333 627 2397 in
652 2352 778 2398 summa
802 2333 963 2400 affluentia
981 2333 1079 2399 vitam
1098 2334 1258 2420 transigit.
