3168 4950
836 433 878 494 24

342 622 414 688 belli
445 620 527 708 plebi
557 637 615 707 per
644 618 739 685 breve
768 627 895 707 tempus
925 619 1079 708 praefuit,
1109 627 1141 688 et
1171 621 1211 687 de
1236 641 1288 701 eo,
1311 625 1364 710 qui

341 744 414 832 Lys.
434 747 495 810 105
509 749 778 808 commemoratur
793 749 913 808 temere
929 743 1141 829 conjunxisse,
1157 743 1289 830 ejusque
1305 753 1365 811 tes·

341 867 510 931 timonium
531 883 593 928 nou
614 861 748 939 sufficit,
768 871 804 928 ut
816 863 984 930 credamus
1006 873 1054 930 τὸν
1074 875 1309 947 στυππειοπώλην
1329 867 1366 932 de

341 986 434 1071 cujus
457 986 597 1072 potentia
617 983 700 1070 jam,
724 1003 824 1069 quum
847 985 940 1051 Cleon
960 995 1056 1072 caput
1072 987 1171 1073 plebis
1188 987 1293 1053 lactus
1308 995 1365 1065 est,

342 1116 450 1173 actum
470 1113 538 1172 erat
557 1113 589 1170 et
609 1105 701 1190 cujus
717 1107 886 1191 vestigium
901 1115 1006 1192 postea
1019 1127 1177 1195 nusquam
1189 1111 1365 1196 reperimus

343 1227 452 1306 ullum,
475 1245 558 1294 anuo
582 1229 646 1292 tlt
671 1233 801 1311 repente
824 1199 1003 1312 praetorem
1026 1238 1170 1294 creatum
1193 1249 1272 1297 esse.

388 1349 498 1415 Hieme
517 1349 592 1414 anni
612 1349 761 1412 itu-11
784 1346 975 1413 Charminus
999 1357 1030 1414 et
1050 1348 1112 1414 duo
1132 1332 1268 1435 collegae
1291 1372 1365 1417 cum

341 1472 474 1556 triginta
508 1471 648 1555 quinque
676 1468 810 1534 navibus
833 1469 1007 1534 mittuntur
1031 1469 1161 1536 Samum
1185 1469 1231 1558 l).
1273 1471 1365 1539 Brevi

340 1599 413 1679 post
443 1589 685 1656 Atheniensium
713 1600 875 1676 praetores
905 1591 938 1654 in
969 1591 1074 1658 insula
1097 1590 1191 1658 Samo
1214 1595 1366 1660 certiores

344 1712 433 1790 fiunt,
458 1711 630 1799 Spartanos
653 1711 779 1776 misisse
798 1711 912 1796 viginti
933 1720 1053 1798 septem
1073 1733 1169 1779 naves
1191 1712 1268 1802 (περὶ
1285 1724 1366 1796 ἡλίου

341 1831 456 1921 τροπάς)
480 1835 512 1916 †)
535 1835 569 1899 iu
591 1832 726 1898 Joniam.
768 1831 880 1918 ltaque
903 1834 1036 1899 mittunt
1059 1834 1268 1902 Charminum
1291 1857 1366 1904 cum

340 1956 453 2042 viginti
483 1955 617 2020 navibus
648 1953 800 2019 adversus
830 1955 899 2020 illas
930 1961 1051 2040 septem
1078 1963 1109 2021 et
1131 1957 1262 2042 viginti,
1286 1979 1366 2045 quas

340 2078 391 2143 ille
414 2077 560 2163 cognovit
580 2075 649 2161 jam
672 2075 712 2141 ad
739 2074 883 2141 Caunum
907 2078 1040 2142 venisse.
1075 2077 1158 2142 Dum
1180 2097 1256 2144 vero
1279 2083 1365 2147 circa

341 2197 458 2287 Symeu
481 2197 620 2263 insulam
642 2203 790 2262 versatur
814 2195 1018 2276 Charmiuus,
1038 2197 1166 2264 advenit
1185 2199 1364 2289 Astyochus

343 2339 381 2386 ex
400 2319 504 2385 insula
524 2318 565 2384 Co
585 2326 617 2384 et
636 2317 756 2406 proelio
776 2317 879 2382 navali
900 2317 983 2383 lacto
1003 2319 1042 2384 ab
1054 2321 1144 2385 initio
1156 2320 1364 2390 Athenienses

341 2443 484 2518 vincunt,
507 2439 635 2504 tandem
658 2458 732 2503 vero
756 2439 795 2505 ab
819 2440 905 2504 omui
925 2447 1014 2525 parte
1030 2440 1144 2507 inclusi
1160 2461 1215 2508 sex
1231 2445 1364 2510 navibus

340 2562 467 2628 amissis
488 2559 564 2644 luga
583 2560 717 2625 salutem
738 2566 850 2646 petunt
870 2556 910 2646 ξ).
943 2557 988 2626 Ob
1001 2561 1083 2627 hanc
1096 2563 1216 2628 cladem
1229 2568 1365 2650 pessime

340 2681 488 2748 audiebat
500 2679 691 2748 Charminus
703 2682 737 2746 in
746 2681 1089 2767 Thesmophoriazusis,
1102 2705 1182 2770 quae
1194 2706 1277 2751 anuo
1290 2691 1365 2766 411,

341 2805 440 2890 igitur
462 2804 572 2891 paucis
594 2803 756 2870 mensibus
773 2802 946 2888 postillam
962 2802 1082 2868 cladem
1098 2813 1188 2872 actae
1203 2815 1279 2872 sunt
1293 2806 1363 2895 ll).

341 2925 496 2991 Videlicet
520 2925 636 2990 chorus
662 2924 1062 3010 Thesmophoriazusarum
1085 2928 1119 2992 in
1142 2930 1288 3014 parabasi
1310 2929 1363 3018 rt)

340 3047 487 3132 queritur
518 3045 556 3109 de
587 3043 706 3128 injuria
737 3045 895 3119 virorum,
927 3045 1011 3130 quod
1041 3050 1184 3115 omnium
1207 3051 1364 3118 malorum

338 3174 484 3231 auctores
507 3165 659 3230 haberent
679 3162 823 3240 feminas,
844 3164 921 3230 dum
941 3174 1053 3233 eontra
1071 3169 1163 3254 plura
1175 3179 1207 3237 et
1219 3175 1364 3258 graviora

338 3287 415 3351 vitia
435 3285 529 3371 objici
548 3292 676 3370 possent
697 3285 777 3350 viris
790 3293 821 3350 et
833 3295 1033 3374 praestarent
1044 3291 1217 3360 virtutihus
1229 3294 1364 3362 feminae

339 3407 412 3472 illis.
447 3405 644 3471 Monstratur
668 3405 727 3470 hoc
752 3408 918 3493 exemplis:

341 3538 531 3610 Ναυσιμάχης
544 3531 596 3608 μὲν
610 3531 634 3611 γ’
649 3533 736 3606 ἥττων
750 3535 828 3591 ἐστὶν
842 3547 993 3614 Χαρμῖνος·
1008 3543 1079 3614 δῆλα
1089 3541 1121 3602 δὲ
1132 3545 1227 3626 τᾶργα·
1241 3553 1301 3607 κτλ.
1314 3538 1361 3627 dd)

381 3721 632 3784 ἾΉωᾶωι

380 3808 406 3872 †)
433 3809 506 3858 Thuc.
522 3809 545 3865 8,
561 3808 600 3867 39,
616 3805 639 3858 l.

376 3894 406 3957 S)
431 3895 505 3944 Thoe.
521 3895 545 3952 8,
560 3895 588 3944 tt
606 3901 629 3945 ot
646 3895 685 3944 ld.

365 3982 407 4046 **)
432 3983 458 4032 F.
475 3983 504 4032 H.
520 3983 623 4034 Cliuton.

368 4070 410 4132 ††)
437 4070 532 4121 Thesm.
548 4073 594 4123 785
610 4089 661 4139 sqq.

361 4155 408 4225 38)
432 4157 526 4213 Thesm.
542 4159 596 4214 804.
