3168 4950
840 423 860 494 2

336 641 435 708 quum
455 621 521 706 jam
546 623 633 687 circa
654 622 736 687 vitae
753 619 848 686 finem
865 623 898 686 in
914 620 1038 687 theatro
1055 630 1213 710 spectator
1230 622 1363 699 sederet,

337 743 413 810 dum
425 744 573 832 Aeschyli
586 749 695 808 »Ἑπτὰ
714 751 762 808 ἐπι
781 743 885 825 dupe?
900 751 1040 828 aguntur
1056 753 1088 810 et
1103 746 1281 812 recitantur
1296 744 1361 810 iila:

490 877 531 934 od
553 873 866 953 γὰρ-δακεῖνᾶριστος,
888 872 951 930 ἀλλ’
972 868 1048 932 εἶναι
1072 875 1154 933 θέλει

490 997 616 1071 βαθεῖαν
637 990 726 1080 ἄλοκα
748 999 798 1054 διὰ
819 997 921 1074 φρενὸς
943 1003 1142 1074 καρπούμενος,

490 1118 539 1192 ἀφ’
560 1109 592 1190 ἧς
613 1122 647 1176 τὰ
669 1105 752 1178 caduci
773 1121 927 1194 βλαστάνει
948 1119 1137 1197 βουλεύματα.

335 1252 445 1298 ornnes
468 1233 575 1299 oculos
599 1242 821 1300 converterent
840 1237 873 1300 iu
893 1255 976 1314 curn,
996 1243 1034 1308 ὡς
1052 1243 1294 1323 instrepentem
1315 1248 1363 1315 τῆς

335 1363 435 1441 ἀρετῆς
456 1370 559 1438 ταύτης
579 1371 774 1443 προσηκοίσης
794 1354 840 1445 ⁴⁶).

380 1477 442 1544 Sed
473 1481 569 1546 etiarn
593 1481 707 1546 comici
730 1479 866 1545 summis
889 1499 963 1546 cum
990 1479 1138 1546 laudibus
1161 1499 1253 1567 saepe
1277 1500 1361 1546 com·

335 1611 513 1668 memorant
537 1602 605 1668 illos
629 1610 660 1668 et
685 1611 719 1668 ut
743 1621 818 1668 vera
842 1603 985 1689 exempla
1007 1604 1137 1668 virtutis
1160 1602 1362 1668 ostendentes

334 1724 535 1810 popularium
566 1727 689 1790 animos
719 1724 759 1790 ad
786 1724 977 1791 imitandum
1001 1725 1171 1792 incendere
1194 1733 1360 1792 conantur.

334 1845 486 1913 Videmus
510 1847 569 1913 hoc
594 1855 625 1913 et
649 1848 682 1912 in
702 1846 923 1933 Aristophane,
943 1849 998 1934 qui
1021 1849 1177 1934 quamvis,
1194 1857 1231 1913 ut
1246 1849 1361 1914 comici

334 1969 422 2038 illius¹
443 1971 632 2055 praesertim
655 1970 769 2034 aetatis
793 1969 903 2048 solent,
927 1978 1015 2036 totus
1039 1971 1081 2035 sit
1103 1971 1137 2034 in
1157 1969 1253 2034 rebus
1272 1990 1361 2056 prae·

334 2092 487 2168 sentibus,
503 2099 609 2156 tamen
626 2111 855 2176 nonnunquam
872 2113 924 2158 res
940 2094 1088 2179 antiquas
1107 2094 1255 2178 virosque
1274 2112 1360 2179 spec·
1376 2069 1379 2076 Ι

332 2215 490 2281 tatoribus
521 2216 554 2278 in
579 2215 766 2279 memoriam
797 2223 939 2292 revocat,
970 2236 1033 2300 quo
1065 2217 1167 2300 magis
1194 2216 1360 2293 sentirent,

333 2339 454 2424 opinor,
476 2338 655 2423 praesentia
679 2337 756 2402 vitia
779 2345 811 2402 et
835 2357 962 2404 morum
983 2337 1233 2422 corruptionem.
1264 2337 1362 2424 Cujus

333 2462 380 2526 rei
408 2459 588 2544 exemplum
620 2460 761 2544 primum
788 2467 855 2525 esto
889 2460 978 2525 locus
1013 2461 1046 2524 in
1081 2458 1163 2545 Equ.
1191 2463 1284 2537 1521,
1306 2460 1362 2526 ubi

333 2583 540 2668 Agoracritus
572 2581 741 2667 gloriatur,
778 2603 846 2648 sese
874 2591 923 2648 τὸν
948 2595 1046 2665 Δῆμον
1071 2590 1256 2664 despicerem
1277 2591 1363 2647 καλὸν

333 2715 364 2780 ἐξ
385 2719 506 2791 αἰσχροῦ
528 2713 722 2786 πεποιηκέναι,
742 2705 785 2770 ita
800 2713 837 2770 ut
852 2725 937 2770 nunc
956 2704 1027 2770 talis
1043 2703 1147 2770 sactus
1163 2713 1256 2783 esset,

410 2827 478 2904 Οἷός
499 2857 551 2916 περ
572 2837 738 2916 Ἀριστείδῃ
758 2838 894 2915 πρότερον
915 2842 963 2893 καὶ
984 2837 1132 2914 Μιλτιάδῃ
1152 2840 1293 2902 ξυνεσίτει
1318 2829 1361 2912 †).

377 2951 526 3020 Nominat
556 2952 636 3017 duos
667 2951 736 3016 illos
767 2951 897 3028 scilieet,
921 2960 958 3018 ut
981 2953 1037 3038 qui
1061 2960 1139 3018 tunc
1164 2954 1360 3018 exstitissent

333 3078 418 3142 inter
442 3077 578 3161 optimos
591 3075 713 3159 optimi,
728 3074 875 3159 interque
891 3082 1038 3145 strenuos
1054 3075 1218 3141 bellatores
1234 3079 1358 3136 strenu-

332 3199 445 3263 issimi.
488 3197 536 3262 Ad
564 3195 714 3262 Miltiadis
742 3194 868 3262 laudem
893 3196 946 3263 illa
970 3217 1095 3283 quoque
1117 3195 1255 3271 faciunt,
1277 3211 1359 3279 quae

330 3322 451 3408 passim
485 3328 578 3406 poeta
612 3318 690 3384 dicit
724 3317 762 3383 de
793 3339 900 3405 pugna
924 3318 1121 3385 Marathonia
1143 3326 1175 3384 et
1198 3316 1237 3384 de
1259 3316 1359 3382 Mara·

330 3443 610 3526 thouomachisd).
636 3440 802 3529 symbolae
829 3443 868 3508 alt
885 3441 1024 3508 Aristide
1044 3442 1210 3507 institutae
1239 3439 1357 3504 mentio

329 3565 365 3630 iit
387 3565 461 3654 Lys.
486 3569 561 3632 6251.
585 3584 632 3649 sq.
655 3560 714 3650 Ad)

369 3795 396 3859 *)
421 3795 481 3845 Plut.
497 3795 568 3845 Arist.
584 3795 624 3844 111.

368 3893 394 3955 †)
420 3892 480 3955 Equ.
497 3890 564 3940 1325.

363 3987 392 4052 3)
420 3987 479 4051 Equ.
500 3986 554 4036 778.
575 3985 643 4035 teat.
664 3987 720 4036 Aeli.
742 3985 794 4036 180.
814 3987 869 4036 697.
889 3987 942 4036 698.
958 3986 1027 4050 Vesp.
1043 3983 1097 4032 7⁰9.
1114 3981 1208 4032 Thesm.
1224 3977 1278 4031 875.
1295 3979 1355 4030 uun.

330 4084 385 4134 982.
401 4085 459 4133 Ιλαιι.
476 4082 545 4133 1530.
560 4084 602 4132 Au.
617 4081 672 4133 2⁴3.

351 4187 395 4252 **)
420 4187 467 4237 Cir.
483 4193 575 4250 praeter
591 4185 668 4237 Schol.
685 4185 781 4236 Suidam
797 4187 821 4236 iu
837 4200 892 4236 voce
909 4180 1026 4254 Μηδιιιή
1039 4193 1063 4236 ct
1078 4180 1234 4260 Παππῷον.
