3168 4950
730 471 751 536 t

228 677 266 736 ἐν
296 674 430 754 Ἰθώμη
466 673 672 752 ἐμηκύνετο
701 674 914 751 όπόλεμος,
946 671 1050 740 ἄλλους
1070 693 1102 732 τε
1122 671 1253 732 insueti·

225 822 312 859 υαντο
334 802 496 876 ξυμμάχους
518 803 566 857 καλ
588 796 771 871 Ἀθηναλους·
797 799 826 855 ολ
848 791 964 870 ό“ἢλοον
983 802 1116 874 Κόμωνος
1136 819 1253 876 στρατη,

225 931 344 1004 γοῦντος
364 921 473 996 atridae
495 925 548 984 οὐκ
568 921 664 1002 όλέηῳ.
696 925 861 999 μάλιστα
888 921 1056 987 ἐάἐτοός
1082 921 1253 980 ἐπεκαλέ·

227 1069 335 1106 σαντο
356 1048 412 1106 ὅτι
433 1057 682 1123 τειχομαχεῖν
703 1045 859 1104 ἐδόκουν
879 1046 1030 1104 όυνατολ
1051 1039 1165 1104 εἶναι.

271 1162 480 1230 Consentiunt
492 1180 566 1228 cum
576 1161 761 1250 Thucydide
773 1160 946 1228 Pausanias
954 1158 987 1249 l)
1001 1167 1033 1228 et
1046 1160 1201 1228 lliodorus
1211 1159 1255 1248 †),

230 1288 367 1373 quorum
381 1284 434 1350 ille
449 1284 638 1350 brevissima
653 1282 903 1362 adumbratione,
921 1283 974 1354 hio
997 1283 1102 1374 paullo
1124 1285 1256 1354 uberius

231 1409 340 1477 eadem
363 1408 472 1479 relert.

273 1532 466 1601 Plutarchus
485 1550 560 1598 vero
579 1532 613 1598 in
632 1533 699 1599 vita
717 1531 857 1600 Cimonis
866 1554 893 1600 c.
908 1536 950 1600 lh
963 1540 994 1600 ct
1011 1537 1052 1600 ut
1065 1533 1111 1601 ita
1127 1541 1255 1602 narrat:

229 1655 432 1734 Archidamo,
452 1655 636 1722 Zeuxidami
656 1655 729 1732 lilio,
748 1665 863 1742 quarto
882 1676 965 1722 anuo
981 1666 1145 1742 regnante,
1157 1677 1257 1745 quum

229 1787 335 1847 torrae
361 1786 452 1846 motu
477 1777 591 1867 Sparta
613 1786 697 1845 esset
720 1778 847 1856 afflicta,
870 1780 980 1844 statim
1006 1778 1154 1846 Halotum
1178 1780 1258 1847 sedi-

230 1903 350 1969 tionem
384 1909 488 1968 ortam
523 1922 603 1978 esse,
638 1920 754 1987 eosque
787 1902 911 1992 impetu
941 1902 975 1967 in
1007 1900 1154 1989 Spartam
1175 1902 1258 1969 lacto

229 2024 373 2112 repulsos
384 2043 453 2090 sese
464 2023 622 2111 recepisse
633 2023 667 2088 in
679 2042 787 2089 arcem
802 2022 957 2090 Ithomen.
982 2023 1072 2090 Tunc
1085 2023 1258 2112 Spartanos

228 2147 418 2213 Periclidem
449 2147 575 2213 misisse
605 2145 760 2224 Athenas,
792 2147 847 2233 qui
878 2145 1033 2213 auxilium
1064 2155 1203 2235 peteret,
1226 2156 1258 2216 et

230 2269 392 2338 Cimonem
422 2271 626 2357 impetrasse,
657 2277 694 2335 ut
724 2270 909 2336 mitteretur
939 2290 1013 2336 cum
1046 2271 1188 2337 exercitu
1218 2271 1258 2338 ad
1354 2299 1357 2304 ·

229 2413 322 2480 opem
351 2391 526 2461 ferendam.
548 2365 550 2368 Ι
569 2391 679 2459 Cimon
712 2393 813 2480 igitur
844 2393 1020 2460 secundum
1051 2392 1258 2462 Plutarchum

229 2523 307 2581 tunc
330 2515 546 2603 proficiscitur
568 2517 601 2582 in
622 2515 882 2603 Peloponnesum,
906 2515 961 2581 sed
984 2515 1069 2582 idem
1089 2537 1125 2582 eo
1144 2518 1259 2585 itinere

229 2639 371 2726 exposito
398 2639 443 2704 lid
465 2639 586 2726 pergit:
617 2649 671 2704 »Oi
693 2642 725 2704 (ἐέ
745 2647 971 2721 Λακεδαιμόνιον
992 2650 1059 2713 τούς
1084 2645 1260 2720 Ἀθηναίους

230 2765 349 2834 αὖθις
369 2769 489 2828 ἐκάλουν
509 2769 557 2827 iul
579 2773 646 2835 τους
664 2769 695 2826 ἐν
716 2767 826 2846 Ἰθώμη
845 2775 1026 2841 Μεσσηνίους
1048 2776 1097 2828 καλ
1118 2772 1257 2841 Ελλώτας,

230 2892 374 2952 ἐλθόντων
401 2891 433 2952 δέ
461 2894 510 2966 τήν
537 2895 643 2970 τόλμαν
669 2897 717 2951 καλ
745 2891 794 2964 τήν
820 2894 1001 2972 λαμπρότητα
1022 2895 1169 2961 δείσαντες
1192 2898 1257 2954 ἀπε·

230 3018 378 3094 πέμψαντα
402 3017 506 3094 μόνους
534 3020 589 3076 τῶν
612 3020 766 3094 συμμάχων
791 3017 829 3083 ὡς
860 3016 1071 3096 usucapionis?
1099 3008 1133 3076 Si
1159 3011 1261 3098 igilur

231 3131 282 3198 his
314 3132 420 3198 verhis
455 3131 584 3198 credere
618 3131 768 3204 velimus,
799 3131 891 3198 duae*
910 3132 1011 3200 laetae
1042 3141 1149 3199 essent
1182 3141 1260 3200 tunc

231 3254 474 3321 Atheniensium
505 3255 538 3320 in
570 3254 822 3342 Peloponnesum
853 3254 1079 3342 expeditiones,
1105 3256 1204 3323 altera
1227 3257 1261 3322 in
1292 3261 1304 3274 '

232 3378 325 3444 initio
349 3377 433 3456 helli,
455 3378 555 3445 altera
578 3376 709 3466 posthac
732 3385 771 3474 et
783 3376 906 3452 videbis
925 3377 1103 3444 Clintonem
1122 3379 1156 3444 in
1173 3378 1208 3446 P.
1222 3378 1260 3446 ll.

232 3501 395 3567 Plutarchi
423 3501 607 3568 testimonio
634 3499 754 3566 fretum
781 3499 820 3567 ad
845 3519 966 3566 annum
989 3504 1053 3566 464
1081 3483 1260 3568 notantem:

233 3624 360 3688 »Cimon
377 3623 627 3689 lacedaemoniis
644 3623 762 3688 auxilio
774 3623 981 3708 proficiscitur
995 3646 1060 3688 cum
1076 3627 1164 3691 4000
1179 3625 1260 3688 mili·

232 3746 335 3812 λλόυε”
358 3754 389 3813 et
413 3746 454 3814 ad
478 3765 598 3813 annum
622 3750 701 3812 461:
731 3747 857 3811 »Cimon
878 3746 988 3810 iterum
1009 3744 1260 3812 lacedaemoniis

219 3870 351 3938 ,οναίόίο
371 3867 608 3955 proficiscitur.'’

275 4066 288 4095 *
327 4065 364 4124 lt,
379 4065 419 4115 at.

274 4064 301 4225 1²}
325 4161 364 4220 xl,
383 4162 422 4213 63.
442 4177 477 4228 sq.
495 4162 528 4212 llo
548 4161 619 4225 hujus
634 4160 754 4226 scriptoris
769 4162 901 4214 turbatione
917 4170 1049 4230 temporam
1065 4165 1119 4216 vido
1134 4165 1222 4217 latrod.
1238 4166 1262 4217 ia

234 4256 316 4320 huam.
331 4257 435 4308 chronol.
451 4272 503 4323 pag.
520 4255 564 4307 tlt
581 4257 605 4307 ln
621 4255 723 4307 editione
739 4257 809 4307 llidot
826 4257 895 4310 ¹862.
