3168 4950
722 469 763 530 19

227 656 344 722 aculeis
367 664 497 742 peteret,
527 655 793 740 acerbissimeque
816 654 984 732 derideret,
1011 658 1066 740 qui
1086 665 1161 722 tunc
1182 668 1250 724 erat

226 797 310 844 unus
330 779 474 843 omnium
494 777 565 842 belli
581 778 820 843 amantissimus
837 783 869 842 et
884 777 945 842 sihi
961 775 1130 844 admodum
1147 779 1248 866 place·

225 898 289 976 hat,
313 900 438 984 quando
458 908 602 966 armatus
625 899 734 988 clypeo
753 893 911 965 horrenda
934 897 1088 984 Gorgonis
1111 902 1249 987 imagine

225 1020 508 1106 ornato‚·iulgente
532 1020 647 1105 gladio,
669 1021 808 1085 terrifica
827 1023 925 1086 orista
945 1031 1088 1100 nutante,
1107 1033 1250 1109 ἀστραπὰς

226 1153 335 1226 βλέπων
355 1143 388 1227 ³⁶)
420 1143 591 1208 incederet.
636 1142 814 1208 Lamachus
845 1143 967 1208 scilicet
990 1143 1192 1230 Xen'ophanis
1215 1147 1248 1230 †)

226 1265 309 1330 filius
332 1267 371 1347 d),
396 1285 490 1350 quem
512 1274 640 1350 ἀνδρεῖον
660 1271 752 1329 vocat
772 1263 859 1328 Plato
879 1263 973 1330 Lach.
994 1285 1066 1351 pag.
1085 1271 1147 1331 179
1167 1265 1200 1333 C.
1218 1275 1249 1332 et

224 1386 306 1452 Plui.
323 1385 390 1453 Nic.
408 1407 477 1472 cap.
497 1393 559 1453 15.1
583 1396 709 1472 ἀνδρώδη
732 1403 778 1452 καὶ
801 1399 914 1453 δίκαιον
935 1396 1032 1486 σῖνόρα,
1051 1404 1098 1453 καὶ
1118 1403 1150 1470 τῇ
1171 1403 1248 1474 χειρὶ

222 1519 364 1594 χρώμενον
381 1518 505 1590 ἀφειδῶς
523 1522 592 1575 κατὰ
603 1529 652 1581 τας
662 1521 762 1593 μάχας,
780 1511 813 1574 in
826 1509 963 1574 richard.
982 1511 1013 1574 in
1035 1529 1161 1576 scellam
1177 1531 1248 1598 pro·

223 1629 270 1695 dit
293 1639 325 1695 et
348 1630 387 1696 ah
399 1630 608 1716 Aristophane
630 1631 861 1717 lepidissimum
885 1633 917 1694 in
930 1631 1060 1696 modum
1073 1653 1129 1718 per
1148 1639 1248 1698 totam

223 1752 417 1817 comoediam
450 1751 623 1828 deridetur,
658 1752 713 1817 sed
747 1753 792 1817 ita
826 1760 947 1828 tamen,
981 1761 1018 1816 ut
1049 1755 1248 1820 strenuitatis

220 1873 290 1938 laus
317 1874 346 1938 ei
373 1893 537 1958 nunquam
566 1873 746 1958 abrogetur.
789 1871 890 1937 immo
916 1881 987 1958 post
1015 1875 1084 1959 ejus
1111 1884 1246 1940 mortem

221 1993 347 2060 Thesm.
358 1999 419 2060 841
435 1994 641 2061 honorificam
653 1995 722 2080 ejus
734 1995 927 2060 mentionem
940 1993 1035 2060 facit:

686 2127 730 2200 Τῷ
751 2128 802 2202 γάρ
822 2125 905 2192 εἰκός,
929 2118 949 2204 ᾧ
971 2128 1062 2192 πόλις,

328 2252 376 2321 τήν
398 2246 570 2324 Ὑπερβόλου
593 2253 739 2318 καθῆςθαν
760 2247 854 2327 μητέρ’
876 2247 1066 2322 ἠμφιεσμένην

327 2373 411 2426 λευκά
434 2376 481 2424 καὶ
504 2371 591 2442 κόμας
613 2374 754 2426 καθεῖσαν
775 2372 896 2439 πλησίον
917 2375 964 2439 τῆς
986 2372 1139 2442 Anpo'rpou,⁸

265 2481 317 2547 Sic
337 2481 655 2567 quoqueRan.1059
676 2482 762 2546 inter
783 2480 899 2546 multos
918 2481 988 2546 illos
1008 2480 1106 2546 fuisse
1126 2481 1246 2547 dicitur

220 2603 327 2680 honoS,
344 2605 448 2690 quiin
465 2611 533 2668 arte
549 2602 660 2667 heilica
679 2602 854 2668 exercenda
870 2622 917 2678 ea,
937 2623 1022 2700 quae
1034 2603 1118 2689 apud
1134 2603 1246 2668 Home·

220 2743 293 2790 rum
316 2725 482 2810 legissent,
506 2724 648 2808 exempla
671 2723 826 2788 imitanda
848 2725 910 2788 sihi
933 2726 1167 2810 proposuerint.

264 2845 401 2912 Unicum
424 2866 498 2912 vero
521 2846 654 2921 crimen,
674 2843 757 2928 quod
777 2844 806 2908 ei
826 2844 911 2908 inter
930 2844 1018 2929 jocos
1038 2845 1147 2930 ohjicit
1167 2845 1245 2911 illud

219 2975 278 3044 est,
297 2967 381 3054 quod
400 2967 518 3053 legitur
537 2965 673 3030 Acharn.
692 2969 754 3030 614
777 2985 835 3050 sq,
854 2965 938 3050 quod
958 2985 1030 3031 aere
1050 2966 1151 3031 alieno
1169 2967 1246 3031 olim

219 3109 389 3174 oppressus
412 3089 582 3173 imperium
608 3087 812 3172 capessiverit
836 3095 866 3151 et
890 3090 1079 3172 praesertim
1102 3107 1244 3153 nummo·

220 3231 293 3277 rum
314 3230 410 3276 causa
425 3209 585 3276 militaret.
610 3207 670 3274 Sed
687 3209 781 3274 credo
796 3210 883 3294 pacis
899 3212 1034 3275 amatori
1049 3209 1107 3275 hoc
1124 3212 1245 3276 crimen

220 3331 375 3398 excidisse
827 3424 833 3444 ³

773 3449 826 3498 ταχ
856 3450 889 3483 αν

423 3551 488 3625 ὀργῇ
510 3545 634 3621 βιασθὲν
654 3549 761 3620 μαλλον
783 3548 800 3618 ἢ
821 3549 913 3624 γνώμη
934 3550 1047 3624 φρενῶν,

208 3705 397 3714 -..—-.---

259 3788 286 3850 ’)
304 3786 361 3836 sch.
377 3785 423 3834 566
440 3800 490 3848 sqq.
562 3825 563 3828 ,

260 3882 285 3944 4)
305 3880 378 3929 Thoe.
401 3880 424 3936 6,
448 3879 463 3927 8
486 3886 509 3926 et
534 3879 611 3926 Schol.
635 3877 692 3926 doh.
716 3877 771 3926 270.
792 3877 876 3924 Contra
902 3877 977 3925 schol.
1003 3877 1096 3926 Thesm.
1117 3875 1163 3925 8⁴0
1183 3878 1244 3926 iliius

221 3984 309 4039 patrem
326 3973 542 4037 Xenophantum
559 3979 632 4021 vocat.

255 4084 284 4149 8)
302 4085 360 4134 Ach.
387 4084 433 4133 568
457 4083 615 4132 Achomenses
639 4081 779 4130 Lamachum
803 4085 885 4126 vocant
909 4072 1037 4140 φυλέτην,
1063 4079 1154 4126 ridetur
1174 4081 1244 4139 igitur

222 4187 328 4248 eiusdem
344 4193 413 4250 utque
429 4185 528 4234 Acharn.
545 4185 620 4233 trihus
636 4199 694 4240 esse,
709 4180 818 4232 Oeneidis
834 4177 931 4226 scilieet.
