3168 4950
849 377 869 444 ί

584 580 734 657 θάγοντας,
758 580 815 646 ota,
839 577 887 636 τὸν
908 576 1019 636 ὀδόντα.

585 703 675 766 noddo
695 699 795 776 δ’ἀμφί
816 704 866 768 τοὶς
887 701 986 782 γένυας
1006 699 1096 778 ἀφρὸς
1118 700 1206 773 ἤνσει,

585 827 674 890 πολύς
695 823 779 901 δ’ἀμα
800 827 908 884 καττῶν
928 826 1036 884 σκελῶν
1056 824 1116 882 faro
1137 824 1197 880 κιλ.

391 939 532 1008 Cimonis
563 959 677 1007 nomen
708 939 792 1027 apud
822 939 1068 1027 Aristophanem
1103 936 1200 1004 semel
1234 937 1387 1006 occurrit

346 1063 420 1153 hys.
439 1066 534 1140 1156,
558 1062 612 1128 uhi
635 1061 813 1150 Lysistrata
836 1061 1014 1128 Laconibus
1038 1062 1070 1128 iu
1087 1059 1273 1126 memoriam
1290 1077 1384 1126 revo-

349 1199 401 1256 cat
420 1187 593 1264 auxilium,
613 1186 697 1274 quod
717 1188 757 1253 iis
776 1187 857 1254 duce
872 1187 1002 1254 Cimone
1014 1185 1147 1252 tulerint
1159 1182 1383 1260 Athenienses

349 1331 449 1400 quum
482 1309 653 1376 Perichdes
691 1309 824 1397 supplex
858 1310 899 1378 ad
933 1330 1022 1377 aram
1057 1306 1226 1376 considens
1259 1305 1384 1374 influus

347 1433 496 1522 precihus
518 1451 610 1519 opem
634 1434 813 1500 invocasset
835 1434 958 1520 patriae
978 1434 1011 1498 iu
1027 1450 1190 1498 summum
1205 1429 1383 1498 discrimen

349 1555 523 1623 adductae:

501 1685 617 1746 Ἐλθὼν
638 1684 670 1746 δὲ
690 1687 741 1746 σὸν
763 1686 910 1748 ὁπλίταισι
933 1689 1185 1764 τετρακισχιλίοις,

500 1817 601 1888 Κίμων
622 1813 689 1885 ὅλην
711 1812 799 1870 ἔσωσε
817 1812 865 1885 τήν
886 1807 1096 1886 Λακεδαίμονα.

393 1923 529 1992 Factum
548 1926 607 1993 hoo
626 1935 674 1992 est
688 1926 740 1992 illa
757 1935 859 1992 aetate
872 1926 918 2012 i),
934 1945 1015 2014 qaae
1027 1923 1132 2012 paullo
1144 1931 1193 1990 est
1204 1921 1380 2000 obscurior,

350 2049 501 2135 quoniam
530 2055 644 2114 testem
674 2047 822 2114 idoneum
846 2048 1001 2116 hahemus
1024 2067 1126 2114 uuum
1150 2044 1380 2134 Thucydidem,

350 2173 406 2258 qui
437 2172 469 2236 iu
501 2170 563 2236 illis
595 2171 691 2236 rebus
721 2170 909 2236 enarrandis
940 2180 989 2236 est
1012 2171 1230 2236 brevissimus.
1274 2167 1380 2248 Quum

350 2301 458 2361 autem
486 2293 524 2358 de
555 2294 671 2358 ceteris
702 2293 887 2360 auctoribus
920 2313 1004 2359 unus
1035 2294 1088 2370 sit,
1112 2295 1168 2380 qui
1191 2292 1232 2358 ah
1255 2291 1380 2358 histori-

351 2435 462 2482 corum
493 2416 638 2502 principe
669 2415 728 2482 hac
762 2416 795 2480 in
825 2435 861 2480 ra
892 2415 1068 2502 discrepet,
1100 2435 1212 2503 operae
1240 2415 1379 2502 pretium

351 2539 415 2604 erit
445 2539 534 2604 varia
561 2539 744 2605 testimonia
767 2537 911 2604 conferre
934 2546 966 2604 et
988 2538 1111 2616 videre,
1138 2539 1204 2604 utri
1228 2537 1305 2604 [ides
1327 2537 1378 2604 ha·

351 2660 454 2728 henda
474 2663 515 2727 sit
535 2663 645 2747 major.
677 2661 854 2728 Audiamus
873 2663 973 2748 igitur
992 2662 1134 2748 primum
1152 2660 1379 2749 Thucydidem,

353 2786 408 2871 qui
434 2786 560 2851 concise
585 2784 714 2871 quidem
739 2784 793 2850 sed
809 2785 945 2852 disserte
960 2787 1006 2852 sio
1023 2792 1148 2852 narrat:
1175 2783 1211 2873 (l,
1230 2788 1303 2851 101.
1320 2781 1376 2872 sq.)

354 2917 401 2972 aot
419 2911 465 2972 od’
489 2903 661 2994 (Spartani)
679 2911 857 2986 »ὑπέσχοντο
866 2912 932 2990 μέν’
949 2905 1029 2995 (scil.
1049 2926 1140 2992 opem
1160 2906 1244 2973 serre
1257 2907 1377 2974 Thasiis

352 3037 430 3093 tunc
461 3029 509 3111 [ab
540 3026 786 3096 Atheniensibus
823 3030 916 3094 victis
947 3026 1158 3116 obsessisque)
1191 3043 1302 3116 »κρύφα
1327 3039 1377 3094 τῶν

355 3157 518 3231 Ἀθηναίων
546 3163 594 3216 καλ
624 3159 748 3234 ἔμελλον,
778 3161 996 3231 διεκωλύθησαν
1025 3156 1056 3216 δὲ
1085 3160 1140 3220 ὑπὸ
1162 3167 1211 3218 τοῦ
1234 3161 1377 3240 γενομένου

354 3289 484 3358 σεισμοῦ,
507 3281 537 3338 ἐν
559 3270 580 3362 pi
602 3287 651 3340 καί
674 3285 702 3339 οἱ
724 3284 848 3347 Εἵλωτες
877 3286 976 3347 αὐτοῖς
999 3287 1047 3339 καὶ
1069 3285 1123 3341 τῶν
1144 3289 1296 3361 περιοίκων
1317 3285 1373 3342 θοο-

355 3411 453 3484 padani
481 3428 512 3464 τε
541 3411 588 3462 καί
617 3404 765 3470 ’Λλθαιεῑς
790 3405 819 3469 ἐς
841 3403 967 3481 Ἰθώμην
988 3406 1157 3479 ἀπέστησαν.
1198 3410 1329 3466 πλεῖστοι
1349 3403 1376 3464 δὲ

355 3533 410 3588 τῶν
430 3532 565 3589 Εἱλώτων
586 3531 713 3610 ἐγένοντο
735 3533 763 3587 σί
785 3531 840 3587 τῶν
860 3531 990 3587 παλαιῶν
1007 3535 1178 3602 Μεσσηνίων
1195 3533 1259 3589 τότε
1277 3534 1372 3589 δοολω·

355 3657 465 3714 θέντων
485 3655 629 3735 ἀπόγονοι·
654 3647 671 3728 ᾗ
693 3659 741 3712 καί
761 3653 922 3726 Μεσσήνιοι
945 3653 1108 3726 ἐκλήθησαν
1129 3657 1157 3712 οἱ
1179 3656 1289 3720 πάντες.
1313 3657 1375 3733 πρὸς

330 3776 406 3856 “μὲν
428 3774 478 3838 adr
499 3783 565 3844 roda
586 3779 616 3835 ἐν
637 3776 747 3856 Ἰθώμῃ
763 3779 886 3854 πόλεμος
910 3775 1096 3850 καθειστήκει
1118 3775 1375 3853 Λακεδαιμονίοις,”

356 3901 481 3981 etpost
503 3914 615 3981 pauca,
636 3902 879 3978 »Λακεδαιμόνιοι
901 3897 933 3958 δὲ
958 3900 1002 3966 ὡς
1030 3905 1161 3966 αὐτοις
1189 3901 1274 3977 πρὸς
1295 3904 1374 3966 τούς

346 4077 539 4088 ..m-w

397 4159 423 4225 *J
449 4159 522 4210 Thac.
539 4159 557 4218 1,
573 4158 612 4209 97.
