3168 4950
731 497 769 556 11

279 681 423 747 Primum
447 682 532 748 illius
555 684 617 748 viri
640 684 834 752 mentionem
855 681 929 748 lecit
952 685 1179 771 Aristophanes
1194 686 1262 772 jam

234 804 267 868 in
304 803 444 870 secunda
475 803 593 882 sahula,
634 806 667 870 in
702 804 896 894 Babyloniis,
931 805 1015 892 quod
1055 815 1186 895 apparet
1224 827 1262 874 ex

236 923 426 1005 Scholiasta,
450 926 523 996 Pan.
547 931 622 1004 547,
659 927 741 992 Turn
764 925 873 1013 Equit.
893 931 956 993 hot
988 927 1105 995 chorus
1136 931 1263 996 invocat

234 1046 435 1126 Posidonem,
463 1049 514 1115 his
536 1049 656 1116 verbis:
681 1063 826 1134 Φαρμίωνί
852 1080 883 1116 τε
910 1037 1023 1130 φίλτατ’
1044 1060 1077 1116 ἐν
1097 1063 1152 1117 τῶν
1172 1060 1263 1118 ἄλλων

235 1201 265 1235 τε
285 1181 362 1236 θεῶν
384 1178 556 1252 Ἀθηναίοις
576 1181 646 1257 πρὸς
667 1181 699 1238 τά
720 1183 867 1258 παρεστός.

278 1291 397 1359 Deinde
420 1294 454 1358 in
477 1293 559 1360 Pace
582 1299 645 1360 347
669 1302 960 1361 commemorantur
981 1305 1116 1378 στιβάδος
1129 1309 1164 1369 ἅς
1178 1305 1264 1378 ἔλαχε

232 1430 373 1499 Φορμίων.
403 1413 471 1495 Quo
493 1415 590 1481 verhh
613 1415 797 1482 indicantur
820 1417 992 1494 molestiae,
1016 1437 1095 1503 quas
1117 1437 1263 1485 summus

233 1535 298 1602 dux
321 1544 353 1603 et
376 1538 410 1601 in
432 1538 557 1624 privata
580 1539 647 1604 vita
669 1545 701 1636 et
724 1539 757 1602 in
782 1537 861 1605 hello
885 1559 960 1605 curn
980 1539 1135 1606 militibus
1154 1548 1262 1606 exant-

234 1658 355 1726 laverlt.
379 1658 467 1726 Vixit
487 1661 573 1726 enlm
594 1671 728 1746 καθαρῶς
747 1669 940 1747 στρατηγήσας
958 1663 991 1727 ln
1011 1682 1047 1727 re
1063 1663 1162 1740 tenui,
1180 1671 1265 1744 πένης

233 1789 351 1867 ἐγένετο,
374 1789 406 1847 et
427 1802 523 1869 quam
539 1783 664 1848 duriter
679 1790 711 1848 et
722 1783 831 1868 jejune
845 1784 961 1847 vixerit
976 1785 1009 1847 in
1025 1783 1115 1860 hello‚'
1132 1793 1264 1871 apparet

233 1903 329 1968 etiam
345 1922 384 1968 ex
400 1902 564 1990 Eupolide.
589 1903 734 1970 Servavit
750 1903 872 1969 seilicet
891 1901 994 1972 Schol.
1008 1903 1082 1971 Pao.
1095 1909 1158 1970 547
1173 1905 1264 1970 nohis

232 2023 450 2111 lragmentunr
474 2045 512 2091 ex
533 2025 729 2102 Taxiarohis,
751 2025 901 2090 mutilum
925 2024 1064 2110 quidem,
1085 2025 1140 2091 sed
1156 2033 1263 2092 tamen

232 2148 292 2224 ita,
323 2155 359 2214 ut
390 2147 528 2214 dilueeat
559 2147 608 2224 id,
639 2147 723 2233 quod
754 2147 831 2212 dixi.
870 2147 1019 2233 Legimus
1043 2149 1128 2212 enim
1152 2149 1186 2214 in
1211 2148 1263 2213 illo

233 2269 351 2336 scholio
374 2269 504 2335 haedde:
535 2283 583 2334 καί
610 2279 751 2342 Διόνυσος
778 2277 809 2334 ἐν
830 2281 1003 2355 Ταξιάρχοις
1030 2276 1095 2355 παρ’
1116 2280 1262 2338 Εὐπόλιδι

231 2403 383 2475 μανθάνων
404 2402 480 2476 παρά
501 2401 538 2478 τῷ
561 2405 705 2476 Φορμίωνι
726 2404 793 2464 τούς
814 2402 868 2457 τῶν
889 2401 1051 2479 στρατηγῶν
1079 2401 1263 2478 (στρατηγιῶν

231 2512 384 2601 Melnelle)
408 2527 456 2579 ναί
474 2523 602 2597 πολέμων
619 2525 721 2597 νόμους
735 2526 830 2595 φησίν,
847 2522 902 2588 »ῶς
918 2521 1009 2583 οὐκέτ’
1023 2523 1129 2580 άιιΜ
1142 2527 1262 2602 φάγοιμι

231 2645 368 2718 attuatos
388 2647 419 2710 ἐξ
441 2646 507 2702 ὅτου
528 2643 653 2722 ’ραγον”,·
671 2656 765 2722 quem
781 2636 886 2702 locum
902 2636 1037 2702 Cohetus
1053 2635 1089 2703 N.
1102 2636 1137 2704 L.
1150 2657 1181 2723 p.
1196 2640 1258 2702 att

232 2759 404 2846 ingeniose,
426 2768 464 2825 ut
487 2759 575 2836 solet,
599 2759 645 2824 sie
669 2757 850 2823 emendavit
874 2757 1110 2843 supplevitque:

517 2891 554 2955 ὡς
577 2888 667 2948 οὐκέτ’
689 2889 723 2945 dv
744 2889 858 2965 φάγοιμ’
879 2887 939 2965 ἐγώ,

394 3013 425 3069 ἐν
445 3017 609 3089 Φορμίωνος
630 3011 768 3084 στιβάδος
788 3009 819 3073 ἐξ
839 3010 905 3066 ὅτου
927 3008 1034 3088 ’φάγονΙ

275 3126 357 3192 Tum
379 3125 484 3213 paullo
506 3124 604 3190 llllra:
627 3131 658 3188 ἐν
678 3129 710 3190 δὲ
731 3141 792 3197 τοῖς
814 3134 986 3209 Ταξιάρχοις
1007 3133 1123 3208 φέρεται
1141 3128 1179 3194 ῶς
1197 3129 1256 3187 ἐπί-

231 3276 326 3322 πονος.
368 3247 511 3334 Denique
541 3250 574 3314 in
598 3247 672 3336 Lys.
698 3251 773 3324 804,
795 3245 863 3311 loco
888 3245 1095 3332 spurcissimo
1120 3242 1258 3330 quidem,

230 3370 284 3436 sed
309 3369 406 3437 simul
425 3370 636 3456 jocosissimo,
659 3375 864 3455 eomparatur
887 3387 961 3433 cum
984 3365 1164 3455 Myronida:

339 3506 400 3558 Καί
420 3501 590 3577 Μυρωνίδης
610 3502 663 3577 γάρ
683 3494 716 3570 ἢν

339 3625 446 3701 τραχύς
466 3622 603 3680 ἐντεῦθεν
621 3624 801 3698 μελάμπυγός
822 3643 853 3678 τε
874 3631 935 3684 τοῖς
957 3620 1078 3698 ἐχθροῖς
1098 3623 1205 3675 ἅπασιν

339 3745 376 3809 ὣς
397 3741 430 3802 dd
451 3749 500 3801 καί
521 3749 653 3820 Φορμίων
673 3744 711 3816 *1.

274 3859 315 3926 [lt
331 3878 429 3946 supra
448 3858 589 3924 diximus
605 3857 754 3923 Phormio
769 3854 904 3940 collegas
924 3871 1033 3919 secum
1048 3851 1159 3917 hahuit
1175 3850 1254 3918 duos

231 3981 417 4067 Hagnonem
428 3987 460 4047 et
473 3978 702 4068 Thucydidem.
726 3977 785 4046 llio
797 3984 904 4044 autem
920 3984 989 4042 erat
1000 3973 1145 4040 llelesiae
1161 3972 1254 4052 lilius,

267 4232 294 4294 *l
317 4232 349 4282 llo
365 4245 420 4281 roeo
435 4225 613 4299 μελάμπυγος
628 4227 680 4278 ride
696 4234 775 4278 annot.
791 4227 859 4278 Book.
875 4228 899 4277 in
915 4227 953 4276 ed.
969 4225 1068 4288 llesyoh.
1084 4231 1107 4274 et
1125 4223 1229 4273 Sullam.
