3168 4950
797 409 840 478 36

305 633 353 668 m
385 601 431 688 ἕ).
478 603 566 670 ldem
596 604 719 669 crimen
751 604 781 667 ei
811 602 1039 688 Aristophanes
1068 601 1178 687 objicit
1207 600 1331 666 dnobus

305 725 384 793 loeis
405 725 488 795 Nub.
504 731 579 794 588.

634 857 666 913 τό
687 853 719 912 δὲ
738 855 989 932 μεταστρέφεσθαι

636 981 706 1056 πρὸς
727 979 759 1035 τὸ
779 979 1000 1054 μαλθακώτερον

635 1100 732 1162 δεξιον
752 1099 821 1175 πρὸς
841 1099 941 1175 ἀνδρός
962 1098 1025 1156 ἐστι

636 1226 685 1277 καὶ
706 1225 793 1292 pinne
814 1220 994 1298 θηραμὲνους.

306 1342 338 1400 et
360 1333 443 1402 Nub.
463 1338 541 1401 968:

414 1464 580 1540 θηραμένης
603 1462 808 1540 σοφόςρῖινὴρ
829 1468 876 1520 καὶ
899 1465 993 1528 δεινὸς
1013 1466 1056 1528 εἰς
1077 1468 1111 1521 τά
1131 1467 1229 1527 πάντα,

415 1588 446 1649 ὃς
467 1588 500 1658 ἢν
521 1598 619 1648 κακοῖς
640 1607 685 1649 τις
706 1587 845 1662 περιπέσῃ
866 1590 914 1640 καὶ
935 1587 1057 1658 πλήσιον
1077 1590 1213 1660 παραστῇ,

414 1707 558 1764 πέπτωκεν
579 1709 631 1771 ἐξω
652 1708 706 1764 τῶν
726 1707 824 1771 κακῶν,
848 1709 882 1763 οὐ
902 1714 980 1773 Χῖος,
1002 1706 1075 1762 ἀλλὰ
1095 1713 1193 1770 Κεῖος.

351 1820 468 1887 Ultima
489 1821 586 1886 verba
616 1820 723 1886 sedem
746 1819 864 1884 habent
889 1821 922 1882 in
946 1819 1087 1884 alearum
1111 1820 1199 1898 lusu,
1231 1839 1332 1905 quum

305 1962 378 2016 xeos
406 1946 448 2010 sit
476 1944 583 2029 jactus
611 1944 784 2029 pessimus,
811 1949 922 2007 eontra
946 1952 1029 2027 Κῷος
1049 1943 1191 2027 optimus
1215 1939 1331 2030 (Schol.

307 2066 346 2132 ad
366 2066 397 2132 h.
416 2087 457 2142 v„
476 2065 589 2132 Eusth.
609 2065 649 2130 ad
663 2062 781 2152 Odyss.
798 2079 846 2140 A„
864 2082 901 2129 Σ.
920 2085 991 2150 pag.
1010 2067 1107 2139 1462,
1123 2065 1188 2147 45.)
1206 2072 1243 2130 et»
1254 2063 1331 2128 illud

308 2207 434 2274 quoqne
455 2202 572 2252 nomm
589 2187 729 2251 indidem
750 2195 915 2272 sumptum
930 2195 978 2252 est
996 2185 1103 2274 (Soph.
1116 2185 1244 2273 Fragm.
1259 2190 1332 2262 763,

307 2309 414 2375 Alexis
434 2307 500 2395 55.)
529 2325 618 2380 Κεῖος
645 2316 752 2374 autem
776 2327 834 2393 pro
856 2318 942 2393 Κῷος
968 2307 1092 2374 dietum
1115 2327 1184 2374 esse
1205 2307 1332 2374 videtur

307 2438 373 2516 παρ’
387 2441 532 2504 ὑπόνοιαν,
549 2450 585 2494 eo
598 2429 720 2496 seilicet
736 2430 877 2507 oonsilio,
893 2438 930 2494 ut
945 2431 974 2494 ei
989 2431 1159 2516 objiciatur
1174 2440 1330 2518 δυσγένεια.

309 2551 490 2650 Seeundnn]
514 2551 722 2617 Plutarchum
749 2553 834 2616 enim
858 2551 1082 2629 Theramenes,
1105 2563 1183 2626 ξένος
1204 2562 1236 2618 ὲκ
1256 2561 1328 2627 Κέω,

308 2673 370 2739 fuit
390 2663 558 2760 adoptatus
578 2673 617 2740 ab
637 2673 788 2760 Hagnone
806 2672 850 2761 †).
876 2672 1105 2760 sedquoniam
1126 2675 1210 2762 apud
1229 2676 1331 2759 magis

307 2796 436 2863 idoneos
458 2805 556 2863 testes
579 2797 648 2883 ejus
672 2798 719 2861 rei
739 2797 862 2861 nullum
880 2796 1026 2862 videmus
1044 2797 1226 2882 vestigium,
1245 2805 1331 2862 reete

307 2927 415 2984 monet
432 2918 572 2984 Koekius
595 2919 635 2983 ad
654 2919 739 2983 hune
758 2918 880 2983 locum:
900 2917 1066 2984 Vielleieht
1084 2919 1201 2984 heruht
1217 2918 1330 3004 jedoeh

307 3041 393 3107 diese
417 3039 497 3126 Sage
519 3060 580 3105 von
603 3041 691 3105 einen
713 3041 930 3125 auswartigen
950 3039 1184 3126 Abstammung
1202 3060 1265 3106 nur
1278 3041 1335 3106 auf

307 3161 367 3227 den
393 3161 528 3248 Spassen
553 3161 609 3226 der
631 3160 793 3226 Komiker.
828 3160 918 3227 Dann
938 3161 1050 3226 wslrde
1069 3164 1129 3228 mit
1148 3162 1220 3227 dem
1237 3182 1330 3228 uner-

306 3292 462 3350 warteten
483 3301 573 3356 Κεῖος
599 3283 656 3350 auf
680 3285 788 3350 seinen
811 3304 869 3351 aus
892 3283 974 3350 Keos
997 3286 1185 3372 gehnrligen
1212 3284 1332 3350 Lehren

308 3405 460 3471 Prodikos
483 3405 631 3491 gedeutet
654 3403 696 3492 o),
718 3408 780 3470 wie
796 3407 868 3473 Wo.
886 3411 951 3473 850
975 3406 1121 3474 Socrates
1144 3407 1201 3472 der
1223 3407 1331 3472 Melier

300 3549 493 3558 ——-—--.

347 3612 373 3675 *)
391 3611 470 3662 Pollux
486 3613 509 3670 7,
525 3613 563 3670 90,
579 3613 617 3663 91.
634 3606 683 3662 τὸν
698 3606 854 3683 θηραμένην
868 3609 1007 3684 κόθορνον
1021 3609 1138 3665 ἐκάλουν
1150 3611 1198 3666 διὰ
1210 3609 1257 3665 τὸν
1267 3613 1332 3686 περὶ

304 3717 353 3788 τήν
373 3721 521 3776 πολιτείαν
541 3721 762 3798 ἀμφοτερισμόν.

346 3842 424 3893 Schol.
439 3843 501 3893 Nub.
517 3844 576 3894 361:
593 3840 640 3892 καὶ
663 3841 714 3915 γὰρ
743 3837 758 3894 o‘
785 3839 922 3914 κόθορνος
947 3835 1137 3913 τὸῗὺπόδημα
1161 3839 1333 3918 ἀμφοτέροις

301 3951 416 4026 ἁρμόζοι
438 3963 500 4015 τοῖς
521 3955 616 4009 ποσίν.

344 4061 370 4124 †)
389 4060 467 4111 Senon
483 4063 553 4113 An'st.
569 4062 627 4112 Rau.
643 4063 697 4113 970.

340 4154 370 4221 8)
388 4156 473 4207 Athen.
488 4158 511 4216 5,
526 4157 581 4217 220,
597 4158 620 4209 6.
645 4158 722 4210 Schol.
737 4158 799 4211 Nub.
815 4160 869 4211 361.
