3168 4950
684 470 723 531 31

235 664 281 722 Ἢ
296 663 360 742 δῶρ’
379 668 523 733 αλτοῦντες
540 667 629 744 άρχην
645 668 770 742 πολέμου
788 685 935 745 πορισειεν
951 669 1021 742 μετά
1038 667 1217 744 Πεισάνδρου

193 780 240 848 rel
263 781 370 867 potius
393 799 410 846 ο
433 780 617 866 conjectura
638 780 756 848 Coheti.

233 910 280 968 ”H
292 911 455 988 δωροδοκῶν
475 912 563 989 ἀρχάν
583 914 707 987 πολέμου
726 916 797 987 μετά
817 914 997 992 Πεισάνδρου
1014 911 1160 989 πορίσειεν
1180 902 1214 992 ⁴4)

192 1024 298 1090 verhis
321 1025 442 1091 scilicet
465 1027 510 1092 ita
526 1025 699 1113 dispositis,
715 1033 751 1091 ut
766 1025 926 1092 efficiatur
941 1045 1052 1092 versus
1068 1046 1216 1114 anapaes-

191 1147 275 1212 ticus
295 1147 470 1234 eparahasi
481 1149 612 1233 petitus.
635 1146 755 1213 Deinde
766 1147 839 1215 Pac.
857 1153 920 1214 595
936 1157 1216 1223 commemoratur,

190 1268 246 1334 uhi
269 1268 386 1334 chorus
407 1269 603 1335 Mercurium
625 1289 737 1357 pacem
759 1278 866 1356 rogat:

232 1403 304 1459 άλλά
320 1399 423 1478 χάρισ’,
441 1394 462 1458 ὦ
478 1403 733 1478 φιλανθρωπότατε
748 1407 795 1458 καὶ
809 1404 1056 1479 μεγαλοδωρότατε
1066 1404 1214 1478 δαιμόνων,

231 1525 259 1578 εἴ
280 1545 308 1579 τι
330 1525 510 1600 Πεισάνδρου
531 1523 676 1597 βδελύττει
699 1526 764 1590 τούς
786 1527 886 1604 λόγους
908 1531 955 1580 καὶ
978 1529 1028 1592 τάς
1050 1525 1150 1603 ὀφρῦς.

191 1634 288 1701 Audit
309 1636 421 1720 igitur,
441 1635 525 1722 quod
544 1635 585 1702 ad
608 1657 749 1703 amorem
770 1637 843 1702 helii
864 1639 988 1716 attinet,
1008 1638 1075 1704 sere
1095 1639 1216 1717 eadem,

190 1777 271 1842 quae
299 1756 488 1835 Lamachus,
516 1756 555 1823 de
577 1778 642 1844 quc
665 1757 908 1844 supradictum
931 1767 990 1836 est,
1013 1768 1049 1826 ut
1075 1779 1150 1826 vero
1177 1761 1216 1826 de

189 1879 284 1965 hujus
307 1853 563 1946 virtutehellica
586 1879 666 1944 nihil
690 1879 821 1965 derogat
843 1887 945 1967 poeta,
964 1882 1011 1946 sic
1030 1883 1085 1946 isti
1104 1881 1215 1948 eadem

189 2001 259 2068 laus
274 2002 407 2066 minime
423 2001 591 2067 tribuenda
603 2000 701 2066 fuisse
713 2000 850 2069 videtur.
873 2001 1073 2088 contrarius
1089 2003 1216 2088 ignavia

189 2125 222 2189 in
238 2123 442 2210 proverbium
458 2123 547 2190 ahiit.
564 2121 665 2211 (Suid.
681 2143 707 2188 s.
718 2133 899 2210 Πεισάνδρου
915 2122 1098 2212 δεινότερος).
1116 2125 1215 2193 Timi-

190 2245 301 2311 ditatis
331 2245 400 2330 eJus
436 2245 618 2310 testimonio
653 2246 750 2311 etiam
779 2245 903 2333 lepidus
933 2245 1022 2312 locus
1052 2254 1101 2312 est
1131 2247 1215 2334 apud

189 2366 267 2434 Xen.
282 2366 390 2455 Symp.
404 2365 429 2446 Ι,
443 2371 471 2431 1.
486 2367 540 2432 uhi
553 2367 717 2454 Philippus
730 2387 857 2434 scurra:
881 2381 929 2432 και
948 2381 1002 2452 μὴν
1020 2377 1110 2456 ἒχωηε,
1130 2378 1215 2450 ἡδέως

189 2499 223 2555 άν
242 2498 358 2575 θεῴμην
374 2499 552 2575 Πελσανδρον
573 2499 621 2555 τόν
644 2500 802 2577 δημηγόρον
822 2502 1003 2573 μανθάνοντα
1021 2501 1158 2575 κυβιστᾶν
1175 2506 1217 2566 εἰς

189 2625 238 2686 τάς
258 2621 408 2698 μαχαίρας,
433 2623 463 2685 ὃς
484 2627 534 2678 νῦν
555 2620 604 2678 δια
625 2621 657 2677 τό
677 2624 715 2695 μή
736 2622 881 2678 δύνασθαι
901 2623 1016 2699 λόγχαις
1033 2624 1215 2698 ἀντιβλέπειν

190 2739 255 2800 οὐδὲ
276 2746 520 2818 συστρατεύεσθαι
542 2741 650 2799 ἐθέλει.
673 2733 735 2812 Qui
747 2741 853 2798 autem
866 2732 986 2799 factum
999 2735 1052 2811 sit,
1064 2743 1100 2800 ut
1112 2736 1213 2802 cidem

189 2856 316 2942 ignavia
339 2862 370 2920 et
384 2855 480 2920 simul
503 2876 593 2921 amor
615 2855 687 2922 belli
706 2854 1011 2942 objicianturpdocet
1025 2854 1127 2924 Schcl.
1140 2857 1213 2923 Pac.

187 2981 264 3054 595,
276 2978 331 3063 qui
344 2976 423 3044 dicit
434 2996 508 3042 ellm
528 2987 720 3060 φιλοπόλεμον
734 2991 782 3041 καὶ
797 2987 988 3060 πολεμοπολον
998 2976 1096 3043 fuisse
1112 2989 1215 3063 κερδῶν

190 3111 270 3166 ἰσων
291 3107 392 3166 ἕνεκεν.
431 3097 520 3178 Quod
544 3100 753 3165 confirmatur
777 3099 816 3165 ab
842 3099 911 3185 ipsc
936 3098 1146 3187 Aristophane
1174 3100 1214 3163 iis

189 3223 305 3301 verbis,
318 3242 398 3308 quae
413 3221 564 3308 leguntur
583 3220 655 3309 hys.
673 3225 748 3298 490,
764 3221 819 3286 uhi
838 3220 972 3308 Lysistr.
995 3231 1033 3306 τῷ
1053 3231 1213 3307 προβουλμ

231 3354 296 3410 Ἵνα
311 3356 362 3430 γάρ
381 3352 557 3428 Πείσανδρος
571 3352 634 3420 ἔχοι
649 3349 780 3407 κλέπτειν
798 3356 847 3421 χολ
864 3363 927 3417 ταῖς
941 3351 1043 3428 ἀρχαῖς
1057 3351 1213 3421 ἐπέχοντες.

229 3477 275 3533 det
297 3496 361 3530 τινα
383 3476 550 3551 κορκορυγὴν
570 3471 684 3546 ἐπόντων.

232 3587 361 3652 Nullum
385 3593 491 3652 autern
511 3584 658 3651 Pisandri
673 3584 830 3651 timidatis
845 3585 993 3652 acerbius
1008 3592 1057 3652 est
1071 3587 1213 3654 testimo·

189 3710 289 3786 nium,
313 3727 409 3794 quam
433 3707 526 3772 illud:
552 3706 620 3795 (hv.
639 3711 720 3772 1551
744 3704 826 3792 sqq.)

472 3839 550 3915 Πρός
571 3835 602 3894 δὲ
623 3850 683 3902 τοῖς
703 3839 850 3894 Σιιιάποσι

475 3963 559 4037 λίμνη
580 3965 624 4025 cic
644 3957 703 4017 ἐστ’
724 3935 849 4025 άλουτος,
874 3954 907 4018 οὗ

474 4093 636 4161 ψυχαγωγεῖ
654 4085 814 4159 Σωκράτης.

183 4171 353 4286 When
368 4217 423 4269 οω.
438 4219 487 4269 cru
503 4233 555 4286 μς.
571 4217 624 4270 ωε.
