3168 4950
579 1437 760 1536 cAPur
793 1435 1107 1537 SECUNDUM.

429 1685 470 1729 nn
486 1685 537 1742 ns,
554 1685 612 1744 our
627 1685 700 1729 rosr
715 1683 871 1730 remman
886 1685 988 1744 usquc
1001 1687 1044 1729 nn
1059 1687 1172 1731 annun
1189 1668 1251 1730 421

669 1789 748 1834 mnu
763 1789 1014 1835 numerosarum

774 2079 905 2104 —000—

368 2342 455 2409 Inter
485 2343 695 2429 paucissimos
727 2341 810 2421 illos,
840 2343 895 2428 qui
926 2343 959 2407 in
990 2343 1152 2408 comoedia
1182 2363 1245 2409 non
1269 2344 1351 2410 male

326 2463 506 2540 audiebant,
529 2463 590 2529 luit
613 2463 773 2543 Phormio,
795 2465 850 2549 qui
874 2470 906 2530 ct
928 2463 967 2528 ob
991 2465 1208 2550 integritatem
1225 2484 1350 2531 morum

326 2586 419 2652 eloh
442 2605 493 2651 res
516 2585 695 2673 praeclaras
718 2594 834 2672 gestas,
857 2587 983 2651 nonnisi
1006 2604 1081 2651 cum
1103 2585 1197 2652 laude
1215 2607 1351 2653 comme·

326 2715 471 2774 moratur
491 2708 617 2795 ubique.
642 2709 813 2795 Postquam
830 2708 896 2796 jam
917 2709 950 2772 in
969 2707 1049 2773 bello
1069 2706 1174 2774 Samio
1194 2728 1257 2776 una
1278 2729 1351 2776 cum

325 2829 511 2918 Thucydide
527 2837 559 2896 et
574 2831 725 2917 Hagnone
740 2830 805 2896 dux
821 2831 882 2896 luit
896 2828 930 2917 l)
950 2837 982 2896 et
998 2837 1069 2916 post
1080 2828 1195 2896 Calliae
1214 2838 1350 2896 mortem

325 2951 364 3018 ad
395 2952 575 3018 Potidaeam
605 2955 769 3037 pugnavit,
801 2972 959 3017 summam
983 2951 1117 3037 gloriam
1138 2951 1271 3039 adeptus
1294 2959 1351 3028 est,

325 3093 425 3160 quum
448 3093 522 3139 cum
544 3073 659 3158 viginti
679 3073 812 3138 navibus
833 3071 872 3137 ad
891 3071 1091 3157 Naupactum
1112 3074 1230 3138 missus
1249 3073 1281 3161 †)
1302 3075 1351 3140 bis

325 3196 429 3261 navali
459 3213 566 3280 pugna
597 3195 765 3259 victoriam
788 3200 975 3279 reportaret.
1011 3193 1085 3260 Post
1109 3193 1178 3258 illas
1200 3196 1350 3262 victorias

325 3316 404 3382 nihil
436 3315 475 3381 ab
506 3335 542 3381 eo
569 3315 705 3402 amplius
729 3322 855 3400 gestum
879 3317 1050 3380 memoriae
1073 3315 1234 3402 proditum
1258 3324 1290 3382 ct
1312 3338 1350 3382 ex

326 3439 669 3515 Thuc.5‚7‚1.satis
700 3445 787 3503 certo
818 3439 996 3524 colligimus
1028 3459 1101 3504 eum
1131 3446 1224 3514 tunc,
1251 3458 1350 3524 quum

326 3560 506 3626 Acarnanes
529 3560 568 3625 ab
591 3558 838 3624 Atheniensibus
853 3566 997 3646 peterent
1020 3570 1093 3624 »τῶν
1108 3569 1271 3642 Φορμίωνός
1286 3587 1350 3620 ma

327 3696 412 3764 σφίσι
444 3691 555 3766 πέμψαι
585 3691 603 3762 ἢ
628 3691 691 3748 υἱὸν
722 3689 739 3761 ἢ
770 3695 884 3768 ξυγγενῆ
915 3688 1058 3766 ἄρχοντα”
1085 3681 1152 3766 jam
1186 3684 1348 3741 mortuum

326 3803 424 3870 fuisse
448 3802 489 3890 g).

365 3997 392 4060 r)
418 3996 491 4046 runc.
507 3996 525 4053 1,
542 3995 595 4046 117.

364 4092 390 4155 †)
416 4092 483 4140 Anno
499 4090 553 4140 l29.
569 4091 642 4140 Thac.
659 4089 687 4146 ll,
703 4090 733 4140 ⁸3
749 4096 773 4138 et
788 4090 827 4146 86,
842 4090 927 4145 3-92
943 4091 966 4136 3.

364 4184 393 4252 S)
416 4185 482 4234 Anno
498 4184 553 4234 lis.
