3168 4950
811 392 854 460 26

322 586 416 655 nihus
442 583 573 652 domum
596 601 743 652 reversus
766 601 834 650 esse
856 580 994 657 videtur,
1017 581 1062 648 ita
1085 587 1122 648 ut
1144 580 1207 648 illis
1229 582 1343 667 viginti

319 707 461 794 qumque
496 706 641 784 navibus,
671 704 788 793 quihus
811 710 980 792 praeerant
1004 703 1088 770 Lcoo
1110 710 1142 770 et
1160 701 1345 781 Diomedon,

320 837 353 895 et
369 828 553 916 Thrasyelis
569 827 736 896 duodecim
752 827 886 894 navihus
901 826 1033 904 relictis,
1047 826 1162 904 hicme,
1175 833 1343 913 postquam

320 951 365 1020 illi
397 969 452 1019 ses
483 957 646 1038 praetores
677 949 889 1026 advenerunt,
919 968 1015 1014 naves
1038 947 1281 1016 Atheniensium
1304 949 1344 1016 ad

319 1071 450 1140 Samum
473 1070 614 1140 adfuisse
636 1071 805 1138 videantur
823 1071 944 1158 aliquot
961 1070 1069 1157 plures
1089 1089 1186 1156 quam
1202 1079 1341 1139 centnm.

318 1193 462 1280 Namque
484 1213 523 1262 ex
547 1193 610 1260 illis
633 1193 844 1280 quadraginta
863 1199 944 1270 octo,
964 1211 1044 1277 quas
1062 1191 1225 1258 duxerunt
1243 1192 1342 1281 Phry·

318 1315 433 1390 nichus
449 1312 634 1384 Onomacles
646 1321 677 1383 et
690 1312 881 1390 Scironides,
893 1313 1061 1380 nonnullae
1072 1313 1215 1390 aberant,
1227 1315 1343 1400 quihus

318 1435 429 1522 Argivi
450 1437 489 1504 oh
509 1435 640 1511 cladem,
660 1453 756 1520 quam
776 1433 816 1500 ad
835 1434 978 1502 llilctum
998 1444 1187 1522 acceperant
1201 1433 1248 1522 ὕ),
1267 1437 1342 1502 irati

319 1557 450 1630 domurn
474 1564 566 1624 erant
589 1557 720 1624 reversi.
755 1554 842 1636 Quae
864 1563 971 1624 antem
995 1557 1034 1622 de
1057 1576 1190 1624 numero
1212 1559 1343 1624 navium

316 1679 416 1750 totius
427 1678 549 1756 classis
562 1698 643 1764 quae
654 1687 732 1758 tunc
744 1678 784 1748 ad
797 1677 928 1746 Samum
940 1687 1019 1757 erat,
1027 1679 1103 1756 dixi,
1112 1679 1344 1746 confirmantur

319 1803 371 1878 iis,
394 1820 476 1888 quae
498 1801 649 1888 leguntur
673 1801 773 1870 Thur.
790 1805 821 1879 8,
838 1806 896 1868 5οἕ
920 1811 1134 1885 Στρομβιχίδης
1153 1807 1205 1885 μὲν
1226 1813 1342 1888 γὰρκαὶ

317 1930 494 2005 Ὀνομακλῆς,
518 1935 566 1988 ναὶ
595 1934 749 2005 Εὐκτήμων
774 1937 925 2008 τρίαιιοντα
944 1936 1014 1994 ναῦς
1035 1931 1147 2001 ἔχοντες
1169 1935 1217 1988 καὶ
1238 1935 1293 1990 τῶν
1314 1932 1343 1996 ἐς

229 2059 235 2074 ’
317 2056 448 2123 Μίλητον
468 2051 612 2108 ἐλθόντων
638 2054 741 2121 polluar
762 2053 886 2108 ὁπλιτῶν
905 2051 990 2128 μέρος
1011 2051 1161 2129 ἀγαγόντες
1182 2051 1212 2108 ἐν
1233 2057 1340 2119 ναυσὶν,

318 2177 522 2252 &insoporata
551 2173 598 2230 ἐπὶ
627 2178 699 2232 Χλον
727 2173 862 2242 λαχόντος
890 2173 998 2240 ἔπλεον,
1021 2176 1050 2230 οἱ
1071 2172 1097 2230 δ’
1098 2173 1181 2232 ἄλλοι
1203 2173 1234 2230 ἑν
1254 2176 1342 2249 Σάμῳ

316 2297 447 2371 μένοντες
480 2296 615 2372 τέσσαρσι
649 2301 696 2352 καὶ
733 2293 924 2368 ἑβδομήκοντα
954 2303 1054 2352 ναυσὶν
1074 2295 1343 2373 ἐθαλασσοκράτουν
1381 2264 1384 2268 ⁴

318 2421 366 2474 ιιιιλ
387 2417 525 2490 indulcor
547 2422 579 2488 τῇ
599 2414 718 2493 Μιλήτῳ
739 2417 898 2475 ἐποιοῦντο.
922 2409 978 2476 His
998 2417 1105 2478 aulem
1128 2409 1249 2496 aliquoi
1270 2409 1342 2496 plus

319 2537 448 2602 ceuton
465 2530 599 2600 navibus
614 2529 789 2617 praefuisse
804 2531 953 2598 videntur
965 2531 1063 2600 duces
1076 2532 1122 2598 hi:
1143 2532 1342 2620 'lhrasycles

319 2653 413 2730 heora,
424 2649 608 2730 Diomedon,
619 2652 831 2742 Phrynichus,
841 2649 1035 2734 Onomacles,
1049 2651 1239 2730 Scironides,
1247 2653 1343 2720 Char·

320 2774 633 2853 minuslluctemon,
642 2774 903 2842 Stromhichides.
919 2775 1001 2843 Leon
1015 2783 1046 2842 et
1054 2774 1227 2840 Diomedon
1239 2775 1342 2861 paullo

318 2905 391 2984 post
414 2897 544 2970 domum
569 2898 688 2962 reversi
707 2897 825 2962 iterum
844 2895 977 2962 Athenis
995 2899 1171 2963 mittuntur
1189 2897 1341 2964 inlocum

319 3019 500 3108 Phryniohi·
518 3025 549 3084 et
574 3016 767 3095 Scironidae,
798 3017 915 3102 quibus
941 3018 1149 3086 Athenienses
1172 3021 1342 3108 imperium

318 3139 502 3209 ademerant
524 3135 568 3225 †).

363 3260 436 3334 Illos
457 3262 557 3347 igitur
571 3267 734 3348 praetores
750 3261 876 3328 invocat
892 3261 1018 3339 chorus,
1034 3264 1119 3330 utin
1135 3264 1345 3350 expugnanda

319 3402 393 3452 areo
422 3401 512 3470 opero
544 3389 754 3469 praestarent.
793 3381 900 3462 Quod,
923 3385 1044 3470 opinor,
1068 3385 1147 3450 nihil
1170 3385 1256 3452 aliud
1284 3386 1343 3453 sihi

319 3504 403 3582 vult,
432 3523 529 3592 quam
563 3511 600 3570 ut
634 3503 717 3570 fierit
751 3523 802 3569 res
836 3505 974 3572 maxime
1004 3506 1155 3585 ridicula,
1186 3509 1344 3574 tumultus

319 3625 441 3698 scilicet
464 3625 671 3706 feminarum,
694 3633 724 3692 ct
749 3628 892 3694 virorum
916 3629 1000 3694 arcis
1022 3631 1224 3718 oppugnatio,
1247 3631 1342 3696 etiam

320 3749 422 3835 magis
455 3749 601 3816 ridicula.
640 3748 749 3836 Inepte
771 3750 872 3836 igitur
895 3748 1070 3818 Scholiasta
1100 3751 1140 3818 ad
1163 3752 1194 3818 h.
1218 3752 1239 3817 l.
1263 3765 1291 3821 ot
1314 3762 1344 3818 ἐι

359 4043 385 4107 ⁸)
411 4043 484 4094 Thac.
499 4045 530 4095 25
546 4061 582 4110 sq.

358 4137 384 4204 t)
410 4138 483 4189 Thnc.
499 4139 522 4198 8,
538 4141 576 4200 at,
591 4141 615 4193 2.
