3168 4950
609 1417 790 1516 CAPUT
822 1419 1116 1575 cunabulo.-

442 1663 483 1706 nn
497 1664 549 1722 ns,
566 1663 624 1724 our
638 1663 711 1708 rosr
726 1665 841 1708 mauu
856 1647 921 1708 elo
937 1665 1125 1712 srmrnnroo
1141 1668 1272 1712 unum

430 1755 432 1760 '
744 1769 858 1813 annom
877 1771 965 1814 sonu.

787 2059 918 2084 -—-·<>··-—

383 2328 555 2413 Postquam
578 2331 611 2393 in
633 2327 740 2395 Sicilia
760 2349 834 2396 curn
851 2349 976 2395 summo
992 2328 1234 2395 Atheniensium
1250 2329 1369 2395 damno

340 2459 389 2517 est
412 2451 617 2529 debellatum,
642 2459 748 2519 actum
773 2461 821 2520 est
845 2452 883 2518 de
907 2453 1071 2519 alacritate
1093 2459 1125 2517 et
1149 2452 1275 2531 ardore,
1302 2469 1368 2537 quo

338 2571 582 2639 Atheniensium
605 2575 740 2662 populus
764 2575 868 2642 adhuc
892 2595 966 2641 eum
990 2575 1135 2640 hostibus
1157 2583 1366 2661 pugnaverat.

340 2693 400 2761 Sed
421 2696 454 2759 in
476 2693 528 2760 illa
540 2715 649 2761 rerum
662 2696 881 2783 desperatione
899 2703 995 2782 caput
1007 2696 1108 2760 erexit
1121 2695 1216 2761 lactio
1229 2695 1366 2773 illorum,

287 2791 290 2797 ¹
338 2818 393 2902 qui
413 2818 447 2881 in
466 2817 553 2882 omni
573 2817 672 2883 libero
691 2819 807 2905 populo
827 2819 969 2885 melioris
989 2837 1057 2882 sese
1076 2816 1197 2882 farinae
1212 2817 1366 2882 habentes

337 2959 433 3024 quam
457 2937 611 3024 reliquos,
636 2939 696 3004 sibi
719 2959 845 3004 omnem
873 2947 1061 3027 potestatem
1085 2947 1116 3004 et
1140 2941 1365 3005 auctoritatem

337 3060 500 3127 vindicare
535 3060 646 3128 solent.
691 3060 840 3126 Invident
874 3062 929 3126 isti
960 3069 991 3126 et
1022 3081 1147 3147 semper
1177 3061 1365 3126 invidebunt
1449 3097 1452 3103 ·

336 3181 476 3247 libertati
499 3182 623 3269 populi,
643 3183 718 3269 jure
741 3183 961 3248 existimantes
984 3181 1110 3248 facilius
1134 3202 1203 3247 esse
1227 3182 1362 3247 honores

339 3303 625 3389 auctoritatemque
650 3304 741 3389 quasi
764 3324 803 3368 ex
830 3305 1006 3370 hereditate
1034 3325 1052 3368 a
1076 3304 1171 3370 claris
1190 3304 1365 3389 majoribus

337 3426 491 3510 accipere,
511 3444 608 3510 quam
632 3424 670 3490 de
693 3424 806 3490 iisdem
832 3427 865 3490 in
888 3425 940 3491 illo
964 3425 1166 3511 Reipublicae
1189 3433 1286 3502 statu,
1308 3426 1363 3491 ubi

337 3565 446 3612 omnes
484 3545 624 3632 ejusdem
658 3547 743 3633 juris
778 3555 869 3625 sunt,
904 3567 978 3613 cum
1009 3567 1199 3632 unoquoque
1230 3555 1362 3614 certare.

337 3668 509 3755 Propterea
539 3667 672 3734 Athenis
704 3689 829 3756 quoquc
857 3668 984 3756 publiea
1014 3668 1068 3734 illa
1099 3669 1263 3734 calamitas
1293 3670 1363 3734 istis

339 3798 430 3876 grata
453 3798 623 3876 optataque
645 3790 716 3868 luit,
739 3811 877 3876 namque
900 3792 946 3856 sic
969 3790 1098 3855 demum
1122 3810 1249 3876 sperare
1272 3790 1364 3854 licuit

337 3912 445 3998 populi
472 3911 653 3978 libertatem
677 3932 824 3978 eversum
847 3913 898 3978 iri.
941 3913 1076 3978 Pessimi
1100 3919 1207 3977 autem
1231 3913 1316 3977 cives
1339 3913 1362 3976 ii

334 4053 459 4120 semper
478 4033 613 4101 habendi
630 4041 716 4110 sunt,
731 4035 847 4118 quibus
862 4034 988 4121 publica
1005 4033 1168 4099 calamitas
1180 4041 1283 4125 nocet,
1306 4033 1360 4098 sed

335 4155 390 4252 qni
413 4157 596 4225 felicissima
617 4155 773 4222 libertatis
792 4162 936 4252 tempora
955 4155 1015 4222 sibi
1033 4173 1146 4226 nocere
1167 4156 1360 4228 existimant,
