3168 4950
690 481 733 543 29

199 665 375 734 ulciscendi
394 665 525 732 modum
540 686 603 731 non
619 665 710 733 facile
725 673 841 742 servat,
853 673 884 731 et
897 666 943 731 sic
961 664 1052 731 facile
1064 665 1225 732 credimus

195 788 407 878 Athenienses
425 806 551 874 quoque
570 795 647 854 tnnc
665 789 819 875 temporis
841 785 976 852 fortasse
999 787 1091 852 nimii
1114 785 1222 854 fuisse.

201 909 367 998 Imprimis
401 909 671 998 sycophantarum
696 927 797 995 genus
818 916 897 974 tune
920 928 995 975 suas
1018 908 1118 975 malas
1140 917 1226 975 artes
1326 902 1329 908 ’

197 1019 1225 1120 exercuissevidetur,utnnapndhysiamvidemus:(uratur)

199 1163 304 1228 ΙἈξιον
329 1160 361 1221 δέ
388 1168 550 1238 μνησθῆναι
580 1168 627 1219 καί
657 1163 711 1221 τῶν
734 1164 805 1236 μετὰ
831 1164 898 1225 τούς
923 1169 1120 1237 τετρακοσίους
1141 1182 1225 1241 arpay-

197 1288 359 1361 μάτων...
375 1329 381 1341 .
406 1288 468 1342 ίστε
489 1288 541 1362 γάρ
556 1283 706 1362 Ἐπιγένην
724 1289 772 1339 καί
791 1285 963 1358 Δημοφάνην
981 1288 1028 1338 καί
1045 1284 1227 1355 Κλεισθένην

199 1407 264 1482 ἰδία
283 1402 336 1481 μέν
358 1407 592 1482 καρπωσαμένους
613 1409 663 1470 τάς
684 1409 732 1477 τῆς
752 1407 860 1468 noluere
881 1406 1035 1481 συμφοράς,
1057 1406 1180 1481 δημοσία
1196 1401 1228 1461 δέ

200 1526 284 1592 ὄντας
310 1528 451 1604 μεγίστων
479 1527 570 1582 κακῶν
597 1530 717 1592 αἰτίους.
745 1525 828 1582 ένίων
854 1522 905 1599 μέν
932 1528 984 1603 γάρ
1012 1525 1130 1583 ἔπεισαν
1159 1526 1229 1600 ὑμᾶς

199 1650 322 1726 ἀκρίτων
342 1652 469 1706 θάνατον
490 1653 760 1722 καταψηφίσασθαι,
783 1647 894 1703 πολλῶν
914 1643 946 1702 δέ
966 1648 1070 1712 ἀδίκως
1087 1647 1227 1721 δημεῦσαι

199 1773 251 1834 τάς
274 1774 382 1836 οὐσίας,
402 1771 469 1834 roric
479 1767 644 1833 δ’έξείάσαι
663 1773 711 1823 καί
727 1767 870 1840 ἀτιμῶσαι
884 1767 938 1822 τῶν
952 1769 1082 1823 πολιτῶν·
1100 1775 1227 1824 τοιοῦτοι

199 1893 253 1969 γάρ
282 1885 359 1964 ἦσαν,
389 1889 460 1948 ὥστε
488 1893 554 1954 τούς
581 1886 633 1964 μέν
662 1889 852 1964 ἡμαρτηκότας
878 1888 1012 1964 ἀργύριον
1040 1890 1228 1962 λαμβάνοντες

199 2013 327 2085 ἀφιέναι,
347 2015 413 2076 τοδς
432 2008 463 2068 δέ
480 2008 566 2085 μηδέν
584 2011 752 2083 ἠδικηκότας
769 2013 812 2073 είς
829 2009 899 2082 ὑμᾶς
909 2011 1048 2074 εἰσιόντες
1058 2005 1237 2067 ἀπολλύναιῇ
1278 2015 1288 2034 “

201 2141 251 2190 καί
282 2136 315 2191 οὐ
342 2135 478 2209 πρότερον
506 2133 676 2197 ἐπαύσαντο,
704 2129 755 2195 ἕως
779 2133 828 2202 τήν
855 2126 906 2204 μέν
933 2131 1017 2186 πόλιν
1047 2135 1089 2194 εἰς
1113 2134 1229 2196 στάσεις

202 2261 253 2310 καί
283 2257 332 2318 τάς
359 2258 494 2331 μεγίστας
524 2257 670 2329 συμφορὰς
698 2254 878 2322 κατέστησαν,
908 2255 991 2310 αὐτοὶ
1013 2250 1039 2308 δ’
1054 2253 1086 2309 ἐκ
1107 2252 1229 2324 πενήτων

199 2378 339 2432 πλούσιοι
360 2375 487 2451 opernm
508 2363 554 2452 ί).
587 2363 815 2451 Aristophanes
834 2365 944 2450 igitur,
966 2366 1073 2451 utqui
1097 2367 1229 2430 minime

200 2486 376 2554 effrenatae
394 2485 535 2552 libertati
557 2493 589 2551 et
608 2487 739 2572 pessimi
760 2485 917 2572 cujusque
935 2487 1081 2553 licentiae
1099 2486 1228 2565 faveret,

200 2608 257 2676 sed
281 2615 380 2674 staret
402 2607 442 2673 ab
465 2607 683 2694 optimatibus,
705 2617 813 2673 monet
836 2607 1054 2688 Athenienses,
1076 2628 1116 2675 ne
1138 2629 1228 2695 prae·

196 2728 342 2817 judicata
372 2729 530 2794 sententia
560 2736 735 2794 tractarent
758 2737 789 2794 et
809 2728 991 2813 judicarent
1015 2749 1078 2806 eos,
1103 2732 1158 2815 qui
1174 2738 1230 2796 aut

200 2871 241 2918 ex
263 2850 505 2936 quadringentis
521 2851 555 2914 in
572 2850 650 2915 urbo
668 2857 858 2936 supererant
874 2856 930 2915 aut
946 2849 1072 2916 illarum
1088 2853 1229 2937 partium

201 2971 350 3048 fuissent,
373 2977 405 3036 et
427 2970 591 3036 demerent
615 2970 678 3036 illis
701 2977 823 3036 metum
843 2971 1032 3056 iniquitatis.
1063 2969 1182 3038 Deinde
1202 2974 1230 3038 si

146 3137 152 3146 ·
203 3095 277 3180 quis
299 3099 463 3179 peccasset
485 3112 564 3158 usus
587 3091 762 3180 Phrynichi
784 3093 933 3179 pessimis
955 3093 1094 3171 artibus,
1118 3096 1165 3160 uti
1189 3095 1230 3160 iis

202 3215 338 3282 facultas
368 3214 500 3280 daretur
530 3233 599 3280 sese
629 3213 829 3280 dciendendi.
867 3213 1070 3302 Phrynichus
1097 3215 1229 3294 scilieet,

203 3335 404 3404 stratonicae
437 3335 536 3414 tilius,
566 3336 650 3401 inter
683 3336 854 3422 primarios
887 3335 949 3401 init
983 3337 1229 3423 quadringento-

201 3477 276 3524 rum
299 3455 348 3545 †),
378 3476 514 3543 quorum
544 3455 776 3522 iuriosissimus
806 3465 838 3522 et
863 3456 1103 3524 crudelissimus
1129 3458 1228 3526 fuisse

201 3579 339 3646 videtur.
366 3577 456 3658 Quod
479 3586 610 3664 apparet
632 3577 682 3643 vel
705 3597 744 3644 ex
767 3597 814 3655 eo,
837 3577 921 3663 quod
945 3579 1227 3667 interemptoribus

202 3701 282 3788 ejus,
299 3708 335 3767 ut
354 3699 393 3766 de
411 3677 533 3786 patria'e
548 3700 627 3766 hene
638 3700 773 3776 meritis,
784 3701 926 3785 praemia
937 3700 1120 3766 tribuerunt
1132 3701 1226 3767 Athe·

195 3878 387 3890 n—-n-——n

242 3980 268 4044 ·)
293 3979 328 4029 Gi.
344 3979 450 4044 Xenoph.
466 3977 517 4030 Heli
533 3977 561 4036 11.
576 3978 600 4038 2,
617 3977 654 4031 10.

241 4087 268 4150 †)
293 4085 347 4148 Lyn.
370 4086 410 4137 Or.
434 4085 472 4144 13,
495 4085 525 4136 ’13
554 4077 584 4135 ‘0
605 4084 745 4156 Φρύνιχος
766 4083 818 4159 γάρ
840 4070 921 4148 οὗτος
942 4083 1008 4148 roric
1029 4086 1227 4161 τετρακοσίους

200 4192 377 4263 κατέστησεν.
