3168 4950
843 477 884 544 22

396 669 523 736 Aestate
546 669 621 733 anui
645 671 707 732 414
732 675 799 732 tres
823 667 920 732 duces
944 669 1118 734 mittuntur
1141 688 1215 733 cum
1238 669 1372 754 triginta

351 791 484 856 navibus
514 788 644 873 Argivis
679 787 810 865 auxilio,
841 808 903 873 qua
934 790 1131 876 expeditione
1165 789 1373 856 Athenienses

350 921 426 978 tune
450 908 707 976 manifestissime
725 909 835 976 foedus
855 919 1021 998 ruperunt.
1056 911 1199 997 Namque
1217 912 1317 978 classe
1332 911 1372 977 ad

348 1031 544 1118 Epidaurum
568 1031 727 1098 Limeram
750 1041 781 1096 et
809 1031 939 1098 Prusias
959 1031 1104 1118 appulsa,
1124 1041 1247 1119 partem
1267 1042 1372 1098 terrae

349 1154 521 1220 Laconicae
545 1153 789 1219 devastaverunt
812 1154 858 1238 l).
898 1153 986 1218 Inter
1009 1153 1077 1218 illos
1101 1163 1167 1219 tres
1190 1154 1286 1220 duces
1302 1162 1372 1219 erat

348 1275 546 1362 Laespodias,
565 1275 649 1340 idem
673 1275 728 1360 qui
744 1283 1013 1341 commemoratur
1028 1275 1111 1361 apud
1127 1275 1371 1362 Aristophanem

348 1398 445 1463 semel
468 1398 524 1464 Av.
543 1399 637 1473 1469,
648 1396 703 1461 ubi
722 1395 874 1462 Poseidon
895 1397 926 1460 in
951 1397 1125 1462 Triballum
1151 1397 1311 1462 invehitur
1334 1406 1372 1470 ὡς

349 1527 400 1583 οὐκ
432 1527 597 1597 ἐπιτηδείως
620 1527 870 1602 περιστελλόμενον
887 1529 936 1598 τήν
953 1527 1070 1598 ἐσθῆτα,
1088 1525 1149 1584 ἀλλ’
1171 1525 1214 1583 ἐπ’
1236 1527 1370 1603 ἀριστερὰ

347 1649 585 1724 περιβαλλόμενον
605 1635 637 1724 †)
662 1645 693 1703 ei
716 1637 816 1704 addit:

651 1771 826 1833 Λαιςποδὶας
848 1765 877 1826 οἶ
896 1774 945 1844 τήν
966 1774 1062 1842 φύσιν.
1168 1783 1171 1788 “
1221 1783 1223 1788 ·

392 1881 599 1947 Athenienses
630 1883 751 1948 scilicet
786 1883 926 1948 solebant
957 1894 1110 1966 θοίμάτιον
1141 1891 1367 1966 περιβάλλεσθαι

348 2014 485 2078 ἐπιδέξια,
509 2003 612 2068 idest
636 2005 691 2082 ita,
719 2013 754 2069 ut
777 2005 930 2069 humerus
954 2013 985 2069 et
1006 1999 1173 2070 brachium
1201 2003 1368 2068 sinistrum

347 2133 519 2210 tegeretur,
543 2123 598 2188 sed
620 2123 786 2188 brachium
807 2124 954 2190 dextrum
974 2125 1096 2189 nudum
1116 2132 1268 2190 maneret.
1292 2122 1368 2187 Inde

348 2245 548 2331 sequebatur,
566 2253 602 2309 ut
614 2251 686 2327 toga
699 2265 718 2309 a
729 2243 841 2310 dextra
852 2255 943 2331 parte
956 2248 1097 2334 corporis
1109 2245 1203 2311 altius
1215 2245 1367 2331 depende-

346 2375 406 2432 ret.
421 2365 453 2431 Si
466 2366 538 2451 quis
551 2365 730 2429 istiusmodi
743 2384 852 2429 rerum
865 2367 1064 2444 incuriosior,
1076 2367 1123 2432 vel
1136 2369 1258 2432 rustica
1270 2365 1366 2451 negli-

345 2488 452 2574 gentia
468 2505 505 2550 eo
520 2505 607 2550 more
619 2493 742 2550 mutato
754 2486 923 2562 incederet,
938 2485 1103 2554 ridebatur
1114 2487 1154 2553 ab
1166 2488 1312 2552 omnibus
1325 2485 1366 2572 bl.

347 2607 517 2692 Propterea
529 2605 693 2692 Neptunus
706 2614 771 2671 tarn
784 2608 925 2691 graviter
937 2607 1134 2674 irascebatur
1146 2609 1180 2674 in
1194 2606 1368 2672 Triballum

347 2729 402 2794 ubi
421 2747 494 2824 eurn
518 2736 584 2794 tam
605 2727 776 2794 ridiculum
793 2729 826 2792 in
845 2727 976 2794 modum
995 2731 1146 2796 vestitum
1161 2730 1252 2807 vidit,
1266 2737 1367 2805 ratus,

346 2850 456 2936 opinor
485 2869 555 2915 eam
583 2869 652 2915 rem
677 2869 790 2915 nocere
813 2870 904 2935 posse
927 2852 1110 2916 auctoritati
1134 2851 1266 2916 deorum
1290 2858 1366 2915 tunc

346 2973 499 3058 temporis
521 2971 587 3056 jam
613 2972 691 3035 satis
714 2971 870 3036 infractae
892 2979 924 3036 et
946 2971 1100 3038 infirmae.

387 3090 492 3170 Quare
512 3099 619 3156 autem
636 3089 793 3154 Triballus
809 3101 1012 3176 comparetur
1028 3113 1103 3159 cum
1118 3063 1366 3180 Laespodiaillo,

345 3212 377 3278 id
401 3211 527 3276 videtur
550 3210 654 3295 colligi
676 3230 767 3295 posse
786 3229 804 3276 e
825 3210 1000 3280 Scholiasta
1020 3214 1161 3280 adhunc
1180 3214 1295 3292 locum,
1313 3213 1366 3279 ubi

343 3333 479 3416 legimus
501 3329 706 3418 Laespodiam
729 3333 913 3418 perstringi,
932 3344 976 3399 du
993 3341 1226 3420 τήιιιήμηιιῗχε
1244 3346 1364 3421 σαθρὰν.

344 3451 540 3518 Crediderim
571 3471 645 3536 ergo
671 3451 890 3537 Laespodiam,
914 3462 950 3519 ut
973 3455 1050 3521 illud
1073 3459 1215 3543 corporis
1237 3459 1365 3532 vitium,

344 3571 447 3660 quom
477 3572 546 3658 ejus
573 3572 643 3637 fieri
673 3581 793 3659 posset,
823 3583 959 3659 tegeret,
987 3599 1006 3643 a
1029 3579 1120 3644 solito
1148 3598 1236 3644 more
1261 3585 1366 3664 togam

338 3719 531 3730 ..ιη’-.-

385 3785 411 3850 *)
436 3785 510 3835 l'hue.
525 3785 549 3844 u,
565 3785 618 3836 tos.

377 3881 410 3942 ἡ)
437 3880 513 3929 Sohol.
530 3881 572 3929 Ar.
588 3879 657 3930 1567.

383 3986 412 4050 S)
437 3987 521 4036 Athen.
539 3989 564 4044 A,
580 3987 619 4045 bl,
634 3989 659 4036 b:
673 3978 779 4052 Ἒμολο
799 3977 831 4036 δὲ
852 3982 950 4045 αὐτοῖς
972 3986 1020 4036 καὶ
1042 3988 1091 4038 τοῦ
1108 3987 1229 4056 κοσμίως
1243 3983 1364 4056 ἀναλαμ-

343 4094 440 4166 βάνειν
471 4093 519 4163 τήν
547 4092 663 4162 ἐσθῆτα,
693 4096 741 4146 καὶ
770 4096 836 4156 τούς
861 4093 900 4167 μή
929 4102 1011 4151 τοῦτο
1037 4103 1189 4160 ποιοῦντας
1216 4097 1365 4152 diruuntur.

347 4202 480 4266 Sequuntur
494 4202 605 4265 exempla.
