3168 4950
718 471 759 534 57

225 670 367 749 genennt
400 661 497 739 wird,
532 661 605 728 weil
638 681 674 727 er
704 662 767 726 wie
798 659 855 725 der
885 657 993 724 llelier
1022 655 1175 742 Diagoras
1201 653 1252 720 die

225 782 376 849 Existens
398 783 455 848 der
478 780 588 849 Gotter
610 781 771 866 leugnct’'.

269 905 349 971 Ran.
379 908 463 970 1195
493 911 762 971 commemoratur
773 901 957 968 llrasinhles
971 921 1057 966 unus
1072 921 1111 967 ex
1126 900 1253 966 miseris

225 1027 437 1113 praetoribus,
453 1027 509 1112 qui
525 1033 694 1114 postquam
714 1025 754 1091 ael
765 1025 943 1110 Arginusas
961 1025 1129 1090 victoriam
1148 1041 1254 1108 repor-

225 1156 375 1216 taverunt
391 1150 431 1215 ah
446 1147 694 1215 Atheniensibus
710 1167 748 1214 ex
764 1146 891 1233 publico
907 1146 1034 1213 decreto
1046 1147 1151 1213 necati
1164 1151 1252 1211 sunt:

516 1267 679 1360 (Oedipus)
701 1279 843 1353 εὐδαίμων
864 1275 908 1354 ἄρ’
929 1272 969 1350 ἢν,

424 1404 452 1459 al
473 1401 697 1480 κάστρατήγησέν
717 1421 748 1479 γε
768 1399 828 1477 μετ’
849 1399 1043 1478 Ἐρασινίδου.

273 1514 331 1582 Ubi
344 1515 468 1581 scilicet
479 1522 551 1601 post
562 1535 703 1602 pugnam
719 1516 861 1582 navalem
875 1535 930 1582 sex
941 1522 1104 1602 praetores
1115 1512 1256 1580 Athenas

228 1639 348 1703 reversi
372 1645 458 1715 sunt,
488 1636 672 1704 Erasinides
692 1639 873 1724 primus'in
892 1637 1020 1704 vincula
1036 1637 1163 1724 puhlioa
1182 1655 1255 1702 con·

223 1758 338 1844 jioitnr
353 1765 522 1824 accusatus
538 1759 577 1824 ah
593 1758 791 1825 Archedemo
807 1758 979 1844 demagogo
999 1767 1030 1824 et
1049 1759 1087 1824 de
1107 1759 1255 1845 peculatu

227 1881 320 1946 etde
344 1880 457 1947 olfioiis
480 1882 513 1945 in
538 1881 672 1966 imperio
695 1879 848 1966 neglectis
871 1878 917 1967 ἥ).
957 1878 1046 1960 Quod
1070 1881 1108 1946 ad
1133 1883 1254 1946 crimen

228 2003 395 2089 peculatus
410 2004 535 2080 attinet,
552 2003 591 2068 de
606 2023 643 2068 ea
658 2022 694 2068 re
709 2002 789 2068 nihil
804 2002 888 2089 apud
903 2001 1072 2068 historicos
1084 2005 1255 2089 reperitur.

229 2124 346 2190 llerhst
367 2124 529 2213 (Schlaoht
552 2125 583 2190 h.
604 2124 634 2191 d.
651 2124 726 2210 Arg.
747 2145 819 2211 pag.
840 2129 894 2192 44.
914 2125 1008 2189 hnm.
1030 2122 1100 2211 60):
1124 2124 1190 2190 lul
1205 2126 1256 2191 die

228 2248 296 2313 Zeit
313 2249 418 2314 seiner
433 2247 550 2313 Flucht
564 2267 625 2312 von
641 2247 791 2336 Mytilene
803 2247 884 2314 nach
896 2247 1009 2325 Athen,
1022 2246 1101 2312 Xon.
1117 2254 1146 2326 1,
1159 2252 1189 2325 6,
1203 2253 1255 2328 ih,

228 2371 313 2436 kann
345 2370 415 2436 sich
446 2369 531 2435 diese
562 2369 826 2456 hnschuldigung
856 2389 956 2456 gagen
984 2369 1044 2436 den
1071 2369 1256 2437 Erasinides

228 2492 318 2558 nicht
337 2492 423 2557 wohl
441 2493 605 2588 heziehen,
625 2493 688 2556 wie
708 2490 804 2558 Grote
827 2491 858 2557 S.
877 2497 941 2558 447
962 2493 1128 2571 andeutet;
1148 2492 1255 2559 Erasi·

229 2614 319 2679 nides
342 2634 413 2680 war
435 2614 556 2680 damals
580 2614 654 2679 sehr
677 2614 750 2699 eilig
769 2613 835 2678 und
855 2615 1050 2680 inzwischen
1071 2617 1183 2694 sehon,
1199 2636 1256 2681 vor

228 2736 285 2800 der
308 2735 468 2812 Schlacht‚
491 2738 524 2800 in
539 2736 663 2802 ¹Athen.
694 2735 974 2802 Wahrscheinlioh
996 2737 1052 2802 hat
1071 2737 1255 2805 Erasinides

229 2878 287 2924 zur
310 2858 460 2944 Rustung
482 2858 540 2923 der
558 2857 662 2922 lllotte
681 2854 793 2922 Gelder
817 2877 874 2924 aus
894 2857 951 2924 der
970 2859 1255 2946 hellespontisohen

228 2980 391 3046 Zollstatte
415 2979 564 3057 erhohen,
588 2978 666 3045 llen.
683 2979 707 3057 1,
726 2985 754 3045 1.
773 2985 826 3047 il.

273 3101 363 3196 Quod
386 3111 492 3169 autem
512 3103 698 3169 Erasinides
718 3104 828 3169 statim
849 3123 885 3170 ao
905 3104 1030 3190 primus
1050 3114 1256 3172 accusaretur

228 3225 267 3290 de
285 3227 337 3313 pio
353 3224 457 3291 officio
469 3225 697 3311 naufragorum
710 3225 852 3312 periculo
868 3228 981 3292 mortis
997 3229 1256 3315 excipiendorum

228 3347 380 3433 neglecto,
404 3348 473 3434 ejus
497 3349 544 3412 rei
567 3365 664 3413 eausa
687 3346 758 3425 luit,
782 3348 866 3434 quod
881 3349 1068 3416 Erasinides
1083 3353 1116 3416 in
1133 3361 1255 3438 praeto-

229 3488 301 3534 rum
318 3469 453 3535 eoncilio
470 3471 578 3535 statim
594 3477 665 3555 post
680 3490 821 3557 pugnarn
837 3470 943 3538 hahito
960 3481 1114 3550 suaserat,
1130 3481 1166 3539 ut
1186 3476 1255 3541 sine

229 3611 319 3658 mora
341 3591 622 3680 proficiscerentur
645 3593 684 3658 ad
707 3593 895 3682 Mytilenen,
918 3603 955 3661 ut
979 3596 1073 3661 simul
1097 3596 1255 3664 Cononem

229 3714 390 3780 obsidione
402 3714 576 3780 liberarent
589 3722 619 3780 et
628 3715 1007 3802 Eteonicum‚anteqnam
1023 3719 1106 3784 ullus
1118 3718 1157 3784 de
1169 3720 1257 3786 clade

229 3835 461 3923 Spartanorum
485 3839 619 3903 nuntius
643 3839 809 3925 pervenire
832 3846 949 3926 posset,
972 3842 1190 3928 opprimerent
1212 3839 1256 3931 †).

268 4136 295 4200 ')
313 4135 371 4186 lien.
388 4136 447 4187 llell.
463 4136 486 4195 l,
501 4134 524 4194 7,
539 4136 564 4186 2.

269 4232 296 4296 i)
314 4232 372 4284 llen.
388 4232 447 4284 llell.
464 4232 580 4293 1‚7,2a.
