3168 4950
803 407 845 470 28

311 614 352 662 zu
374 593 541 662 verstehen
562 629 607 644 ·-
629 595 699 660 eine
720 592 925 679 Forderung,
948 591 1051 658 durch
1073 592 1194 658 welche
1215 591 1335 658 Aristo-

310 715 431 804 phanes
454 715 623 784 sioherlioh
642 715 731 782 nieht
746 712 850 782 Gunst
864 715 998 800 erlangt,
1017 714 1155 781 sondern
1174 713 1243 780 sioh
1262 713 1336 780 sehr

312 839 459 905 verbasst
482 839 631 925 gemacht
648 837 737 904 hotto
757 836 830 922 (vgl.
850 835 978 902 Andok:
998 835 1023 914 1,
1044 835 1196 924 78-8o):
1217 855 1251 902 es
1266 855 1336 902 war

313 961 383 1026 eine
406 960 463 1025 der
486 960 648 1028 hartesten
676 958 903 1044 Bedinguogen
926 957 982 1023 des
1005 957 1336 1046 spadonumque,

314 1079 389 1148 dass
404 1081 456 1148 die
467 1081 671 1148 Verbannten
687 1079 929 1147 zuruohhehren
946 1080 1067 1146 sollten.
1096 1077 1256 1146 Vielmehr
1270 1078 1337 1144 will

313 1202 630 1290 Aristophanesdass
640 1223 715 1268 man
728 1201 998 1268 dieVierbundert
1010 1202 1077 1267 und
1088 1201 1158 1266 ihre
1166 1200 1337 1286 Anhanger

247 1347 251 1356 ·
313 1323 403 1390 nieht
430 1327 491 1391 mit
513 1325 703 1391 hiisstranen
735 1321 799 1389 und
822 1321 984 1409 Argwohn
1007 1323 1176 1401 behandle,
1198 1323 1335 1390 sondern

312 1443 373 1510 den
403 1446 538 1531 ubrigen
567 1447 712 1531 Burgern
742 1443 1032 1530 gleichstelle,
1063 1445 1171 1511 sobald
1198 1447 1245 1510 sie
1268 1445 1336 1510 sioh

312 1565 552 1652 gereohtiertigt
582 1565 717 1633 haben.’'
763 1563 866 1645 Quam
895 1566 1033 1652 pessime
1063 1574 1171 1632 autem
1201 1566 1336 1653 populus
1399 1583 1402 1586 ·

312 1685 381 1752 illos
412 1688 661 1774 quadringentos
691 1687 821 1764 odisset,
844 1695 976 1773 apparet
998 1707 1037 1752 ex
1060 1688 1204 1753 oratione
1224 1687 1337 1776 Lysiae

313 1793 382 1893 iniq
401 1820 611 1895 Πολυστράτου,
631 1812 727 1876 unius
742 1830 781 1876 ex
797 1808 1050 1894 quadringentis,
1063 1811 1173 1875 statim
1185 1810 1225 1876 ab
1237 1811 1336 1875 initio:

311 1938 354 1995 Οὔ
372 1960 423 2014 μοι
445 1941 527 1996 δοκεῖ
540 1945 641 2016 χρῆναι
663 1940 831 2018 ὀργίζεσθαι
845 1941 916 2016 ὑμᾶς
935 1940 972 2016 τῷ
990 1939 1108 2015 ὀνόματι
1122 1940 1161 2015 τῷ
1175 1940 1230 1996 τῶν
1242 1960 1336 2015 τετρα-

315 2067 426 2128 κοσίων,
449 2064 521 2118 ἀλλὰ
542 2073 603 2126 τοῖς
625 2063 717 2138 ἔργοις
738 2062 830 2120 erton.
862 2055 967 2119 Timet
983 2053 1083 2138 igitur
1101 2051 1213 2140 Lysias
1232 2052 1339 2118 clienti

315 2193 382 2251 suo,
401 2176 547 2260 quamvis
569 2184 660 2247 καλῶς
681 2183 804 2260 ἄρξαντι,
828 2175 876 2240 vel
899 2175 938 2241 ob
962 2194 1033 2240 eam
1052 2183 1179 2240 tantum
1198 2192 1338 2248 oausam,

315 2296 399 2384 quod
415 2317 498 2362 unus
513 2297 641 2362 illorum
656 2295 780 2363 inisset.
804 2296 971 2362 Praeterea
985 2304 1109 2364 oonstat
1121 2315 1195 2362 eum
1210 2295 1259 2361 vel
1274 2315 1338 2372 eos,

314 2420 370 2504 qui
392 2417 612 2505 Phrynichum
635 2417 836 2495 oooidissent,
860 2438 922 2483 non
946 2417 1048 2483 solum
1074 2438 1191 2505 poenas
1214 2416 1338 2482 dedisse

314 2539 427 2616 nullas,
451 2537 506 2604 sed
529 2539 626 2604 etiam
649 2541 792 2626 praemia
814 2537 1031 2626 accepisset)
1053 2547 1085 2604 et
1101 2539 1178 2604 illud
1193 2538 1337 2626 plebisoi·

313 2669 383 2726 tum
404 2660 472 2746 jam
495 2659 588 2726 hodie
611 2667 767 2747 superest.
792 2659 883 2748 (Vide
903 2661 1030 2747 Ussing.
1049 2660 1213 2746 Inscriptt.
1232 2679 1337 2744 graec.

315 2781 526 2869 Kopenhagen
548 2785 631 2848 1847
652 2781 701 2847 N⁰.
715 2787 757 2849 tto
781 2791 812 2848 et
835 2783 989 2849 Zeitsohr.
1009 2781 1030 2846 i.
1052 2781 1338 2860 Alt.Wiss.1847,
1379 2823 1387 2832 -

313 2924 385 2992 pag.
400 2901 510 2992 1099).
532 2902 574 2968 lit
594 2903 774 2968 mehereule
787 2924 849 2968 non
869 2903 988 2989 injuria
999 2903 1207 2970 Athenienses
1223 2906 1337 2970 saevie-

314 3027 391 3091 bant
421 3032 492 3112 post
519 3023 789 3090 redinstauratam
819 3024 1047 3092 democratiam
1077 3027 1111 3090 in
1141 3026 1234 3101 istos,
1264 3025 1337 3090 licet

315 3126 457 3212 nonnulli
488 3144 692 3212 interfuerint
719 3149 806 3220 εὖνοι,
831 3153 868 3210 ut
895 3145 962 3210 vult
992 3145 1104 3234 Lysias
1136 3143 1201 3234 (Or.
1222 3150 1274 3223 ho,
1294 3144 1335 3232 1).

315 3267 363 3333 lili
386 3269 471 3332 enim
494 3286 557 3333 non
581 3265 676 3332 saluti
698 3269 830 3353 patriae,
852 3267 908 3333 sed
927 3268 994 3333 suis
1012 3275 1139 3334 tantum
1163 3267 1337 3334 commodis

316 3399 347 3456 et
379 3409 455 3456 suae
484 3389 633 3476 potestati
663 3388 832 3454 studebant
863 3397 894 3454 et
924 3389 1004 3454 nihil
1026 3367 1219 3455 intentatum
1241 3390 1335 3454 rolin·

267 3519 272 3526 '
316 3513 469 3598 quehant,
503 3513 581 3597 quin
612 3513 732 3597 optima
761 3511 908 3578 libertate
937 3510 1083 3576 funditus
1117 3511 1219 3577 deleta
1242 3531 1336 3577 suum

315 3635 487 3722 imperium
511 3633 736 3698 confirmarent
758 3630 804 3720 †).
839 3631 900 3698 Sed
924 3639 961 3698 ut
983 3632 1019 3697 tit
1038 3634 1071 3697 in
1090 3632 1245 3718 ejusmodi
1267 3633 1337 3698 Rei·

316 3757 459 3844 publioae
481 3756 687 3841 temporibus,
711 3775 748 3820 ea
773 3754 878 3832 i'aotio,
901 3773 982 3840 quae
1004 3753 1136 3820 alteram
1157 3755 1337 3841 supprimit,

353 4042 380 4106 *)
406 4042 459 4104 Lys.
475 4043 536 4101 xttl,
551 4043 582 4092 to
597 4057 648 4108 sqq.
665 4043 711 4101 vii,
727 4041 750 4094 i.

351 4136 378 4200 †)
403 4136 477 4186 Thoe.
492 4137 515 4195 8,
531 4137 561 4186 70
576 4153 627 4202 sqq.
