3168 4950
687 457 727 518 λδ

193 647 289 714 duhio
310 645 481 712 Lachetem
503 642 720 732 significarit),
742 643 910 712 manifeste
929 642 1218 719 fecissedocentur,

193 769 248 836 sed
271 776 380 836 nmen
399 767 572 836 stoliditate
594 775 625 834 et
647 766 863 854 imprudentia
882 765 1003 854 judicis
1026 765 1218 834 absolvatur.

232 993 260 1058 *l
279 993 408 1044 Scholiasta
423 993 491 1058 desp.
506 991 552 1043 836
568 991 613 1042 hoc
624 998 704 1054 nemi:
721 984 835 1050 ἀξιοῦσι
847 984 879 1042 δέ
890 1005 964 1049 τινες
975 983 1012 1049 ὡς
1023 987 1099 1062 παρὰ
1109 987 1221 1062 γράμμα

192 1102 393 1177 κωμῳδεῖσθαι
419 1103 537 1172 Λάχητα
569 1099 618 1158 τὸν
645 1097 872 1178 στρατηγήσαντα
903 1105 969 1178 περί
1002 1103 1142 1158 Σικελίαν
1173 1102 1220 1158 inl

191 1217 355 1294 δωροδοκίᾳ,
378 1221 425 1273 καί
447 1217 481 1273 τὰ
502 1215 564 1288 ἑξῆς
585 1215 634 1273 inl
656 1211 758 1287 ταύτην
780 1215 917 1293 λέγεσθαι
938 1215 987 1287 τήν
1010 1215 1153 1280 ὑπόνοιαν,
1177 1217 1222 1273 ὅτι

191 1329 223 1389 δέ
243 1331 397 1405 νοσφιστής
418 1335 466 1388 καί
489 1331 544 1389 ὑπὸ
566 1329 657 1387 ἄλλων
685 1331 860 1408 κωμῳδεῖται
882 1338 1058 1409 προείρηται.
1085 1339 1169 1388 τοῦτο
1190 1329 1222 1388 δέ

192 1449 300 1523 κομψόν
320 1448 406 1515 έστιν,
430 1449 464 1507 οὗ
485 1450 558 1504 πάνυ
579 1442 611 1503 δέ
633 1449 739 1504 οίκεΐον
758 1448 844 1514 δοκεῖ,
867 1446 929 1505 έπεί
952 1447 1003 1503 κᾶν
1027 1447 1223 1524 παρεδήλωσεν

191 1563 270 1621 αὐτό.
289 1559 351 1618 ἀλλ’
372 1562 464 1620 ἔοικεν
487 1563 503 1620 o‘
522 1561 619 1636 Λάβης
639 1559 945 1636 ὧνοματοπεποιῆσθαι
971 1561 1065 1626 ἁπλῶς
1087 1564 1146 1618 κτλ.
1183 1570 1220 1622 Sic

190 1790 317 1854 διονίδος
348 1792 445 1864 φυλῆς·
469 1794 611 1856 Λίξωνεύς
640 1787 671 1847 δέ
697 1790 753 1848 ἀπὸ
779 1793 867 1866 δήμου
894 1797 942 1862 τῆς
966 1793 1151 1868 Κεκροπίδας,
1179 1799 1219 1848 uhi

193 1915 267 1964 noque
290 1900 382 1950 Cleonis
405 1915 479 1965 neque
504 1901 612 1952 Lachetis
627 1901 715 1950 mentio
736 1901 771 1950 dt.
795 1901 841 1950 Sed
857 1900 918 1965 qnod
935 1907 1002 1964 poeta
1018 1915 1097 1950 revera
1112 1900 1220 1950 Cleonem

193 2002 217 2044 et
240 1995 365 2046 Lachetem
388 1997 561 2058 significaverit,
586 1997 610 2046 id
635 1998 692 2048 satis
715 2002 809 2062 apparet
833 2009 861 2046 ex
877 1995 935 2060 ipsis
950 1995 1064 2046 Xanthiaa
1080 1996 1220 2046 accuntoris

155 2105 157 2110 ·
194 2091 279 2141 rathis:
308 2091 354 2156 (vs.
370 2091 427 2155 908)

583 2161 742 2215 Δεινότατα
762 2160 814 2236 γὰρ

378 2272 462 2350 ἔργων
483 2272 601 2349 δέδρακε
622 2269 691 2347 κάμέ
713 2277 760 2329 καὶ
782 2273 815 2328 τὸ
836 2275 986 2349 ρυππαπαῐ

377 2385 518 2463 ’Λποδράς
539 2390 591 2465 γάρ
611 2387 640 2453 ές
661 2388 710 2459 τήν
730 2394 833 2466 γωνίαν
855 2387 937 2464 τυρὸν
959 2390 1048 2444 πολύν

376 2503 568 2567 κατεσικέλιζε
590 2499 734 2573 κάνέπλητ’
758 2503 788 2560 έν
809 2505 847 2580 τῷ
870 2504 967 2578 σκότῳ,
982 2533 1024 2546 --

419 2622 487 2686 (tlt)
514 2617 565 2674 κοῦ
585 2614 716 2691 μετέδωκ’
738 2621 864 2676 αἰτοῦντί
885 2640 935 2694 μοι

233 2726 302 2777 Cleon
319 2725 414 2785 scilicet,
430 2740 499 2790 qnam
515 2727 630 2791 imprimis
646 2742 674 2778 cx
690 2743 724 2778 vs.
740 2729 794 2786 915,
810 2729 855 2778 916
871 2735 895 2778 et
911 2727 957 2779 ⁰28
973 2730 1129 2791 agnoscimus,
1145 2729 1216 2780 reho-

196 2828 287 2872 menter
311 2823 384 2872 iratus
409 2823 500 2872 videtur
523 2823 617 2873 Lachcti
638 2837 685 2872 non
706 2823 737 2872 oh
761 2825 838 2888 ipsum
855 2823 938 2881 scelus,
954 2824 994 2873 sed
1011 2825 1065 2888 quia
1080 2823 1118 2874 ille
1134 2840 1159 2874 ιε
1175 2839 1221 2874 non

195 2931 343 2982 concinnere
359 2923 428 2981 atque
445 2918 478 2966 sic
488 2919 625 2982 participem
632 2920 723 2982 opimae
731 2919 828 2983 praedae
837 2920 910 2969 iacere
919 2926 1016 2970 οοαεῑαε
1026 2925 1096 2970 εεεεῑι
1112 2919 1220 2969 Lachetis

195 3013 312 3077 expeditio
328 3019 444 3086 praeterea
461 3013 560 3062 disserta
577 3013 693 3064 indicatur
708 3029 743 3065 rs.
759 3015 805 3065 92⁴
821 3031 856 3080 sq.

377 3113 456 3177 ὅστις
476 3116 667 3190 περιπλεύσας
688 3114 737 3185 τήν
758 3115 855 3172 θυείαν
876 3115 906 3172 έν
925 3119 1018 3192 κύκλῳ

378 3226 410 3283 έν
431 3228 485 3284 τῶν
505 3229 614 3285 πόλεων
634 3229 666 3286 τὸ
687 3237 787 3306 σκίρον
808 3229 978 3304 ἐξεδήδοκεν.

236 3337 280 3388 Sed
301 3343 327 3386 nt
348 3351 377 3387 nc
397 3339 521 3388 minimum
541 3339 635 3402 quidem
656 3341 808 3390 dubitationis
828 3347 939 3399 manerat,
955 3341 1008 3406 quis
1023 3341 1104 3392 lateret
1121 3343 1165 3392 sah
1181 3342 1219 3392 illo

195 3433 288 3483 hahetis
298 3434 400 3491 nomine,
412 3440 480 3498 poeta
493 3435 589 3499 insuper
602 3436 693 3486 addidit
705 3451 790 3486 nomen
802 3437 871 3495 demi,
881 3437 942 3486 undo
950 3437 1038 3487 Laches
1046 3438 1159 3489 oriundus
1169 3440 1220 3488 init.

195 3544 261 3594 Nam
277 3519 429 3596 Λίξωνέα
447 3556 510 3591 oum
525 3541 597 3591 tuisse
614 3548 708 3605 apparet
724 3557 752 3591 ax
768 3542 870 3592 Platonis
886 3543 986 3592 Lachete
1002 3557 1054 3607 pag.
1070 3543 1124 3601 197,
1139 3544 1165 3595 C.
1181 3545 1219 3594 uhi

194 3645 273 3696 Nicias
288 3651 312 3694 et
328 3643 417 3694 Laches
432 3658 486 3693 cnm
502 3643 649 3692 acerbissima
665 3643 814 3694 altercatione
830 3643 950 3707 disputant
966 3645 997 3696 ds,
1012 3646 1219 3695 remisititadine.

195 3749 273 3798 Nicias
292 3747 399 3796 videlicet
418 3744 539 3796 contendit
559 3759 636 3794 veram
656 3745 817 3794 fortitudinem
837 3757 888 3794 eam
904 3759 963 3800 esse,
978 3760 1036 3809 quae
1051 3749 1174 3809 conjuncto
1191 3749 1221 3797 sit

195 3868 248 3904 cnm
272 3852 404 3918 prudentia,
428 3857 508 3902 contra
533 3850 629 3900 minime
645 3851 717 3900 fortes
733 3850 852 3902 habendos
867 3865 918 3900 esso
933 3865 982 3908 eos,
996 3853 1036 3916 qni
1052 3853 1100 3904 sint
1116 3845 1222 3922 ἄφοβοι

195 3965 243 4016 καί
264 3963 397 4035 θρασείς.
420 3951 554 4033 Ἀνδρεία
579 3965 651 4028 igitur
675 3946 751 4013 εἶναι
772 3957 806 4013 sci
827 3958 960 4033 φρόνιμα.
994 3964 1028 4014 hd
1049 3981 1108 4030 quae
1132 3967 1219 4016 Laches

195 4079 329 4144 respondit:
345 4080 362 4130 Ι.
378 4079 394 4129 l.
413 4071 524 4140 θέασαι,
553 4059 575 4126 ὦ
602 4070 765 4148 Σώκρατες,
787 4071 824 4136 ὡς
848 4065 882 4128 εδ
908 4072 956 4128 ὅδε
982 4070 1082 4128 ἑαυτὸν
1109 4074 1155 4143 δή,
1184 4070 1222 4136 ὥς

196 4187 302 4255 οἴεται,
326 4193 427 4260 κοσμεί
451 4185 490 4262 τῷ
519 4187 599 4264 λόγῳ·
624 4189 673 4251 οὓς
694 4181 726 4243 δέ
747 4189 848 4252 πάντες
870 4187 1057 4264 ὁμολογοῦσιν
1076 4187 1221 4265 ἀνδρείους
1311 4263 1314 4269 Ι
